1956 3239
719 103 1133 143 APPENDIX.
1603 103 1685 143 777

223 224 320 267 405,
337 227 408 269 32.
431 215 558 269 ὑμεῖς]
580 216 689 266 ἡμεῖς
711 215 766 255 Τ.

221 282 318 330 406,
341 294 375 333 7.
398 281 519 336 μέλω]
540 282 673 333 μέλλω
696 281 864 333 B.H.Q.
887 285 930 322 et
951 282 1000 322 B.
1024 282 1178 321 iterum
1199 280 1268 320 lin.
1288 295 1325 334 9.

220 348 318 398 406,
340 350 400 388 16.
423 348 551 402 κλέος]
573 348 688 392 τέλος
710 350 765 389 Τ.

220 415 318 464 406,
339 428 405 467 24.
429 415 550 456 Inter
570 417 672 458 ὅπως
693 420 737 456 et
758 417 841 458 οἵας
861 415 904 454 in
924 415 972 454 Τ.
995 414 1157 468 aliquot
1184 413 1402 453 literarum
1428 412 1577 453 lacuna
1604 418 1680 462 est,

164 479 313 521 chart-a
333 482 472 533 adesa,
496 482 849 536 quemadmodum
869 481 911 521 in
932 495 1078 522 aversa
1099 479 1253 534 pagina
1274 479 1316 519 in
1338 479 1464 520 verbo
1486 485 1684 531 προσβοη-

164 549 320 590 θοῦντες
345 550 401 603 (p.
418 563 468 600 41
482 563 516 597 1,
536 555 593 603 7.)
616 550 765 591 lacuna
786 554 850 590 est
872 549 983 590 inter
1003 565 1107 600 προσ
1127 553 1170 588 et
1190 551 1441 598 βοηθοῦντες,
1464 547 1609 587 eadem
1631 547 1682 587 de

163 628 322 655 caussa.

218 694 317 733 407,
338 694 374 735 7.
397 683 589 724 Alterum
610 684 680 724 τὸν
700 698 780 724 0111.
805 684 853 735 Q.

219 761 318 803 409,
335 751 373 790 6.
398 752 668 804 παρεχόμενος
688 749 834 805 scripsi
856 764 932 804 pro
953 749 1247 802 παρεχομένοις.

218 828 315 867 409,
337 828 402 868 29.
425 819 466 857 δὲ
487 822 568 859 τοῖς
590 819 748 858 σκεύεσι
770 817 992 858 Prellerus.
1041 818 1080 856 δὲ
1103 816 1206 870 ὑγρῷ
1230 815 1305 855 ἀπὸ
1326 818 1406 856 τοῖς
1427 816 1608 855 σκεύεσιν
1631 815 1679 854 Τ.

217 895 314 931 410.
333 895 399 936 32.
424 884 736 936 ἐπενηνεγμένον
757 884 902 938 scripsi
925 898 1000 938 pro
1023 881 1303 934 ἐπηινεγμένον.

216 961 314 1000 411,
332 961 370 1003 5.
393 950 524 1004 ῥᾳδία]
547 951 758 1004 ῥᾳδιωτέρα
780 951 1005 992 Prellerus.

217 1028 267 1065 41
286 1028 314 1062 ι,
336 1029 397 1069 13.
422 1018 681 1067 ἀπολομένων
702 1018 848 1072 scripsi
870 1032 946 1072 pro
967 1017 1268 1067 ἀπολλομένων.

216 1095 266 1130 41
281 1096 313 1130 1,
335 1096 398 1134 14.
413 1084 563 1135 ἀνδρῶν
579 1085 800 1125 Prellerus.
821 1086 962 1137 ἄνδρας
976 1085 1037 1132 T..
1052 1089 1180 1134 recte,
1198 1084 1232 1123 si
1246 1084 1387 1135 ἄνδρας
1402 1084 1442 1132 ἕξ
1456 1082 1678 1123 scribat-ur.

215 1161 312 1198 411,
334 1150 398 1190 16.
422 1150 616 1200 διαμένειν
638 1151 860 1192 Prellerus.
895 1151 1171 1202 ἀποδιαμέυειν
1189 1150 1252 1201 Τ.,
1268 1150 1400 1190 literis
1423 1151 1499 1189 ἀπο
1521 1149 1563 1188 in
1584 1148 1678 1196 fine,

159 1215 353 1265 διαμένειν
383 1217 425 1256 in
454 1217 574 1258 initio
605 1233 747 1259 versus
777 1218 957 1273 scriptis.
1019 1220 1112 1258 Aut
1140 1217 1334 1268 διαμένειν
1364 1221 1439 1257 aut
1468 1216 1681 1266 ἀπομένειν

158 1281 379 1324 dicendum
400 1290 506 1325 erat.

214 1363 312 1404 413,
334 1365 376 1405 5.
412 1352 651 1393 Literarum
681 1351 843 1406 aliquot
865 1367 957 1406 quae
980 1352 1023 1392 in
1044 1352 1090 1392 T.
1112 1352 1223 1393 inter
1244 1353 1294 1393 ὡς
1314 1354 1357 1391 et
1376 1350 1512 1401 μικρὸν
1534 1348 1682 1389 oblite-

156 1433 262 1469 ratae
284 1435 383 1471 sunt
404 1435 491 1471 tres
507 1430 733 1484 primae-600
755 1436 867 1471 sunt.
923 1431 1031 1470 Tum
1051 1430 1241 1484 sequitur
1261 1420 1289 1470 32·
1314 1464 1321 1470 .
1348 1461 1357 1470 .

213 1509 311 1549 413,
333 1511 398 1551 19.
433 1497 618 1538 Μάλειαν
656 1497 879 1538 Prellerus.
937 1501 1112 1547 μαλαῖαν
1147 1498 1194 1544 T,
1233 1497 1346 1551 quod
1387 1495 1559 1536 Μαλέαν
1592 1509 1681 1535 esse

157 1566 312 1615 potest.

214 1631 490 1684 προσδραμὼν]
516 1631 626 1671 Mire
647 1645 741 1671 cum
761 1630 946 1685 genitivo
969 1634 1269 1670 constructum.

214 1711 311 1751 413,
332 1710 397 1738 21.
423 1698 658 1739 ἀπέσπασεν
678 1700 777 1749 ἡμᾶς
800 1699 1021 1739 Prellerus.
1055 1700 1245 1738 ἐπισπάτο
1266 1698 1406 1749 ἡμέρας
1428 1698 1475 1737 Τ.

213 1778 310 1815 414,
331 1776 397 1817 27.
420 1767 516 1815 μηδὲ
538 1765 682 1819 scripsi
704 1779 779 1819 pro
800 1765 907 1815 μήτε.

214 1833 311 1883 416,
328 1845 366 1883 9.
394 1831 765 1886 νόμῳ-ἐγγράφῳ]
792 1831 979 1872 Praestat
1001 1831 1418 1883 νόμοις-ἐγγράφοις,

213 1900 311 1950 416,
333 1899 513 1941 18.——22.
550 1899 600 1938 In
622 1899 671 1938 B.
695 1903 759 1939 est
781 1900 1027 1949 ἀθεμίστωνε
1060 1900 1198 1938 δίκαιοι
1219 1899 1324 1938 οὗτοι
1344 1898 1449 1947 πλὴν
1469 1900 1538 1937 τοῦ
1558 1902 1678 1937 πολυ-

157 1965 299 2018 φήμου.
331 1966 374 2005 τὸ
396 1967 437 2005 δὲ
459 1967 679 2016 ἀθεμίστων
706 1965 872 2006 τέθειται
901 1965 986 2006 ἀντὶ
1013 1968 1081 2005 τοῦ
1107 1966 1158 2016 μὴ
1180 1967 1352 2018 ἐχόντων
1385 1966 1536 2014 νόμους,
1559 1966 1678 2016 φύσει

156 2033 198 2072 δὲ
219 2033 398 2074 δικαίους.

212 2100 308 2150 416,
328 2111 392 2153 23.
415 2098 575 2138 Addidi
597 2099 670 2138 ὅτι.

211 2166 308 2217 416,
334 2178 397 2216 24.
422 2167 546 2206 αὐτῶν
566 2165 786 2206 Prellerus.
819 2165 935 2206 αὐτὸν
955 2165 1002 2205 T.

210 2245 308 2286 417,
329 2245 392 2273 22.
417 2231 616 2285 εὐάροτος]
643 2232 835 2274 εὐάλωτος
857 2231 893 2282 Q

210 2310 308 2350 417,
327 2312 392 2353 23.
417 2298 658 2353 ἀπόλωνται]
682 2300 915 2339 ἀπόλλωντο
941 2297 1034 2351 (sic)
1059 2297 1108 2349 Q.

210 2377 308 2418 417,
329 2376 395 2418 27.
425 2365 694 2419 ὑπευλήσατο]
730 2366 909 2406 ὑπέλασε
938 2365 1033 2419 (sic)
1059 2377 1259 2405 excusum
1287 2363 1399 2417 apud
1430 2362 1673 2403 Prellerum.

155 2432 459 2487 Corrigendum
478 2432 644 2473 videtur
665 2432 936 2472 ὑπεπλάσατο.

211 2512 307 2553 419,
329 2512 369 2553 3.
392 2500 459 2539 οὐκ
482 2497 565 2552 ἐπὶ]
589 2500 692 2540 ὅπως
712 2499 780 2538 οὐκ
802 2499 864 2538 ἐπὶ
885 2499 930 2538 Τ.

210 2579 307 2621 419,
329 2580 370 2617 4.
391 2565 593 2617 βρίζοντα]
618 2566 762 2616 βρίζων
783 2565 829 2604 Τ.

210 2676 308 2715 421,
327 2676 389 2717 19.
411 2663 603 2716 χωρίσας]
628 2655 656 2720 {2
676 2663 723 2703 T.

210 2748 310 2787 422,
326 2748 393 2791 29.
417 2736 516 2776 εἶναι
536 2749 667 2790 prope
688 2734 958 2775 obliteratum
980 2733 1022 2774 in
1043 2733 1089 2774 T.

211 2814 348 2867 μηδὲν]
374 2814 496 2863 μηθὲν
516 2813 564 2853 Τ.
