1956 3239
755 88 1170 131 APPENDIX.
1643 95 1724 136 735

200 198 346 252 ticipio
368 201 505 252 ταφών
532 200 668 240 utitur
698 200 824 241 schol.
856 216 896 255 p.
914 203 981 255 69,
1007 212 1043 254 7.
1077 202 1128 243 de
1159 203 1423 245 substantivo
1446 205 1570 258 τάφος
1602 220 1726 260 expo-

200 279 316 306 nens.

263 347 326 381 12,
348 347 474 390 3—5.
499 336 628 377 habet
650 336 697 376 T.

264 414 326 448 12,
354 414 415 456 15.
439 404 492 444 εἰς
512 403 582 442 τὸν
603 403 710 443 οἶκον
731 404 935 457 τιμωρίαν]
964 405 1018 445 εἰς
1039 404 1145 444 οἶκον
1166 406 1328 456 πορείαν
1350 406 1419 456 τὴν
1441 407 1489 446 T.

259 468 364 509 Post
380 471 542 521 ἑταίρων
558 470 696 524 pergit
711 470 758 510 T.
777 471 1085 518 ἀνταλλάσσων,
1096 473 1309 515 ἀντιδιδοὺς
1324 475 1420 525 ὑπὲρ
1437 477 1503 524 τῆς
1518 476 1577 514 οἰκ
1597 507 1721 516 .....

200 539 276 575 τῶν
299 537 473 587 ἑταίρων.
510 538 688 587 εἴληπται
710 539 751 577 δὲ
772 538 794 588 ἡ
815 537 918 587 λέξις
941 539 1108 578 ἐνταῦθα
1131 569 1338 580 .......

259 615 324 653 24,
352 616 415 643 10.
437 602 647 656 ὑπάρχους]
673 603 921 656 ὑπάρχοντας
943 604 990 644 Τ.

259 682 324 721 24,
351 684 367 710 1
381 683 416 711 1.
448 671 553 711 Post
575 671 794 712 συναπτέον
818 671 865 711 Τ.
889 671 983 713 finit
1005 672 1191 713 scholion
1213 673 1348 713 verbis
1370 689 1497 729 supra
1519 690 1570 716 ex
1593 676 1642 727 Q.
1665 676 1723 717 al-

198 737 295 777 latis
316 737 502 788 μέδοντος
525 739 568 778 ἐν
589 737 990 790 σπέσι-ἆτρυγέτου,
1014 739 1098 789 ἤτοι
1119 743 1185 779 τοῦ
1207 743 1468 783 Ποσειδῶνος.

260 816 323 855 24,
348 815 413 844 21.
436 807 542 857 παρὰ
564 820 644 845 οιη.
671 805 718 846 T.

259 884 324 923 24,
350 885 415 926 23.
447 874 793 926 ταύτης-τυχεῖν]
831 873 898 914 Sic
921 873 1047 915 etiam
1070 874 1132 924 T.,
1156 889 1238 914 non
1270 877 1407 916 τούτου
1438 881 1505 917 τοῦ
1533 878 1724 928 ὀνόματος

199 941 424 993 ἀποτυχεῖν,
449 940 560 993 quod
582 941 720 994 posuit
743 941 965 981 Prellerus.

259 1018 324 1061 25,
355 1021 413 1048 ιο.
437 1008 565 1048 habet
588 1007 636 1047 T.
659 1008 811 1048 omisso
834 1009 945 1050 τινές.

259 1087 323 1127 25,
351 1088 414 1128 13.
442 1088 505 1124 14.
528 1074 657 1115 habet
680 1075 726 1115 T.

261 1154 328 1196 25,
356 1153 417 1193 17.
453 1141 503 1180 In
536 1142 726 1196 margine
755 1142 803 1182 T.
843 1147 940 1196 post
973 1158 1008 1183 v.
1045 1156 1110 1196 93.
1151 1144 1194 1183 ἔν
1225 1160 1304 1183 τισι
1339 1147 1519 1194 βιβλίοις
1547 1147 1614 1186 οὐκ
1651 1149 1731 1188 εἰσί

201 1212 328 1249 κεῖθεν
357 1208 387 1248 δ’
411 1210 448 1251 ἐς
480 1209 621 1260 κρήτην
652 1225 693 1248 τε
724 1208 812 1260 παρ’
838 1211 1021 1260 ἰδομενῆα
1049 1211 1209 1250 ἄνακτα·
1245 1213 1265 1250 ὁ
1287 1213 1362 1262 γὰρ
1393 1213 1572 1255 δεύτατος
1602 1214 1725 1264 ἦλθεν

199 1277 348 1329 ἆχαιῶν
368 1277 688 1329 χαλκοχιτώνων.
753 1276 886 1316 Iidem
912 1290 1055 1317 versus
1086 1281 1184 1317 sunt
1215 1277 1257 1316 in
1288 1277 1476 1331 margine
1509 1278 1622 1331 HQ.
1652 1281 1724 1320 ubi

200 1344 349 1383 ἐκεῖθεν
371 1344 560 1395 δεύτερος.

259 1413 324 1460 26,
350 1424 414 1451 21.
447 1413 611 1463 ἁρμόσει
642 1412 703 1451 ἐπὶ
732 1410 1158 1465 Ἑρμοῦ-ἀνάληψις]
1198 1412 1265 1453 Sic
1296 1412 1424 1453 etiam
1458 1413 1518 1462 Τ.,
1556 1428 1639 1454 non
1675 1419 1723 1456 ut

200 1479 409 1519 Prellerus
429 1478 543 1533 legit.

259 1548 326 1594 28,
349 1558 389 1600 5.
426 1546 475 1585 In
504 1546 552 1585 T.
587 1545 710 1600 δήμῳ]
745 1548 864 1600 τόπῳ.
897 1547 1022 1597 ὄνομα
1049 1549 1181 1593 τόπου,
1205 1549 1310 1598 παρὰ
1338 1547 1381 1587 τὸ
1404 1550 1724 1599 συναθροίζεσθαι

200 1615 244 1654 ἐν
266 1614 365 1668 αὐτῷ
387 1613 474 1655 τοὺς
495 1615 536 1653 ἐν
558 1616 603 1668 τῇ
625 1615 740 1654 πόλει
762 1614 825 1654 καὶ
844 1615 1121 1663 βουλεύεσθαι.

259 1694 325 1734 29.
353 1694 416 1734 15.
446 1682 508 1721 16.
536 1694 599 1735 19.
625 1693 690 1721 20.
713 1681 843 1721 habet
865 1681 912 1721 T.

257 1761 326 1802 30,
350 1749 387 1788 6.
413 1748 640 1800 ὑποφαίνει]
670 1747 737 1787 Sic
759 1747 886 1787 etiam
908 1747 973 1796 Τ.,
998 1760 1080 1787 non
1102 1748 1325 1799 ἀποφαίνει.
1390 1747 1508 1788 Idem
1524 1753 1637 1790 recte
1659 1751 1721 1790 διὰ

200 1815 334 1854 τούτου
356 1828 432 1868 pro
454 1815 516 1853 διὰ
537 1816 663 1851 τοῦτο.

257 1894 326 1934 30,
349 1895 384 1934 9.
406 1879 818 1931 θρόνος-ἐπηρμένος
839 1894 919 1920 om.
944 1880 991 1919 T.

258 1961 326 2002 31,
352 1959 416 2000 27.
454 1947 496 1987 in
528 1952 672 1987 annot.
707 1962 782 2001 pro
821 1953 845 1969 “
860 1949 920 1988 καὶ
956 1949 1053 1999 ἅπερ
1083 1948 1157 1987 Τ.”
1189 1948 1349 2002 corrige
1381 1954 1405 1971 “
1420 1949 1480 1988 καὶ
1516 1950 1614 2001 ἅπερ
1647 1951 1720 1990 Ρ.”

203 2016 311 2057 Nam
332 2016 378 2056 T.
404 2015 616 2056 consentit
647 2029 739 2054 cum
773 2014 891 2066 EQ„
915 2014 992 2054 nisi
1016 2015 1126 2068 quod
1157 2029 1233 2068 pro
1265 2016 1362 2067 ἅπερ
1383 2015 1495 2056 aliud
1517 2016 1617 2070 quid
1648 2018 1719 2060 ha-

201 2084 293 2125 buit
313 2096 422 2123 nunc
444 2096 573 2137 prope
595 2082 877 2131 obliteratum,
899 2086 947 2122 ut
963 2081 1045 2123 alia
1066 2082 1212 2122 multa.

258 2164 329 2204 31,
349 2163 533 2204 3ο-32,
558 2150 703 2191 Habet
725 2150 771 2189 T.

259 2231 327 2272 32,
351 2232 387 2271 9.
423 2217 620 2258 Schoiion
643 2216 697 2257 V.
729 2222 795 2258 est
825 2217 953 2258 etiam
984 2217 1026 2257 in
1048 2217 1094 2257 T.
1154 2217 1273 2258 Idem
1294 2232 1329 2257 v.
1360 2229 1449 2272 155.
1473 2217 1720 2268 ἀνεβάλλετο

202 2284 382 2338 explicat
408 2298 484 2338 per
506 2284 631 2336 ἀρχὴν
653 2285 833 2333 ἐποιεῖτο,
856 2288 912 2330 et,
937 2298 1029 2337 quae
1058 2287 1154 2324 sunt
1176 2284 1303 2324 etiam
1323 2283 1364 2323 in
1386 2284 1453 2333 V.,
1477 2285 1719 2336 ἀνεκρούετο,

201 2352 481 2403 προοιμιάζετο.

258 2431 329 2471 32,
356 2430 418 2458 12.
452 2417 570 2458 Gonf.
593 2417 776 2457 scholion
807 2416 926 2458 futile
956 2416 1064 2457 infra
1089 2418 1143 2457 ad
1164 2432 1205 2471 p.
1229 2428 1319 2470 174,
1345 2430 1367 2459 2
1410 2433 1462 2458 ex
1494 2418 1543 2458 E.
1565 2432 1720 2458 memo-

202 2485 393 2526 randum.

259 2565 330 2606 33,
353 2566 391 2605 9.
415 2551 485 2590 Ad
507 2566 543 2591 v.
564 2552 654 2590 166.
678 2552 871 2593 ἆπόλυτος
890 2552 913 2601 ἡ
934 2551 1026 2601 ἡμῖν
1046 2552 1093 2590 T.

260 2632 328 2673 33,
356 2631 534 2672 13—15.
556 2617 685 2657 habet
704 2617 765 2666 Τ.,
788 2617 830 2656 in
851 2617 1060 2670 scriptura
1081 2632 1174 2657 cum
1197 2618 1246 2658 E.
1270 2619 1546 2659 consentiens.

260 2699 328 2740 33,
351 2686 414 2725 16.
438 2686 538 2740 φῇσι
572 2684 667 2723 hinc
700 2684 849 2724 sumsit
886 2683 1023 2738 Etym.
1058 2685 1120 2724 M.
1151 2700 1191 2739 p.
1217 2696 1411 2741 791,39.,
1445 2686 1597 2727 omisso
1629 2686 1721 2726 loco

205 2753 395 2803 Homeri,
419 2767 541 2807 quem
563 2751 761 2806 apposuit
783 2751 972 2791 Zonaras
993 2766 1033 2805 p.
1059 2752 1178 2806 1805.

262 2834 330 2874 33,
356 2833 420 2860 22.
447 2833 512 2873 23.
545 2819 630 2876 Est
647 2818 776 2859 etiam
797 2818 838 2857 in
859 2818 920 2867 T..
944 2819 1013 2871 qui
1035 2836 1077 2859 τε
1098 2825 1193 2873 post
1217 2821 1378 2871 ὁπποίης
1399 2820 1527 2861 habet
1549 2833 1641 2859 cum
1664 2818 1721 2858 H.

263 2901 329 2941 34,
359 2901 390 2926 ι.
416 2888 465 2929 ὡς
487 2886 536 2940 εἰ]
559 2887 691 2927 ἄλλως
712 2884 929 2938 praefixum
950 2885 992 2924 in
1015 2885 1060 2925 T.
