1956 3239
655 148 965 186 ΟΔΎΣΣΕΙΑΣ
1004 149 1051 184 Λ.
1532 144 1611 182 501

158 249 258 302 Διὸς
289 249 319 295 δ’
345 249 538 296 ἐτελείετο
563 249 713 305 βουλή]
753 250 770 294 ὁ
794 248 873 311 γὰρ
899 248 999 299 Ζεὺς
1031 244 1115 293 εἷπε
1147 253 1198 310 τῷ
1220 248 1359 307 μάντει
1386 246 1442 292 ἔτι
1469 268 1615 309 κρατη-

91 332 197 385 θῆναι
221 327 365 388 μέλλει
393 324 463 372 im&
487 331 555 372 τοῦ
578 324 772 385 Ἰφίκλου.
811 329 869 369 Η.

161 409 256 464 298.
290 401 523 466 Πλευρωνῖα
545 402 616 463 μὲν
644 405 667 459 ἦ
692 401 807 458 Λήδα
835 404 859 459 ἦ
884 401 1073 456 Θεστίου,
1105 401 1142 446 ἐν
1166 400 1430 460 Λακεδαίμονι
1456 400 1495 446 δὲ
1521 400 1616 461 ἐγα-

90 482 209 542 μήθη.
247 485 306 527 Η.

157 556 224 604 καὶ
248 556 381 614 Λήδην
405 553 509 602 εἶδον
532 556 601 613 την
623 555 849 619 Τυνδάρεως
872 556 1119 618 παράκοιτιν]
1152 553 1253 606 Ζεὺς
1278 554 1413 610 Λήδας
1436 551 1615 617 ἐρασθεὶς
1629 571 1648 606 5

90 641 163 692 τῆς
187 633 363 680 Θεστίου
386 632 526 685 παιδὸς
550 633 608 685 εἷς
639 633 770 679 κύκνον
794 631 930 679 ἑαυτὸν
952 632 1163 692 μετέβαλε
1196 631 1262 677 καὶ
1287 631 1460 683 διαπτας
1492 631 1614 692 ἐμίγη

90 711 208 776 αὐτῇ.
254 710 362 772 μετὰ
395 709 527 773 χρόνον
558 710 598 757 δὲ
630 710 754 767 ε’κείνη
783 715 955 756 τεκοῦσα
984 707 1049 754 <bhv
1073 708 1301 754 ἀποτίθεται
1336 708 1393 760 εἷς
1425 709 1613 771 λάρνακα,

91 788 170 835 ὅθεν
207 789 357 853 συνέβῃ
393 787 483 840 τούς
523 809 567 834 τε
600 787 864 850 Διοσκούρους
898 784 965 833 καὶ
1001 787 1070 843 τὴν
1093 786 1255 843 εΕλένην
1289 785 1486 847 γενέσθαι,
1517 785 1616 848 ’γόνῳ

90 867 164 927 μὲν
195 864 307 921 Διός,
341 866 551 922 ἐπίκλησιν
587 864 626 911 δὲ
650 864 866 928 Τυνδάρεω.
915 867 939 922 ἡ
974 864 1014 910 δὲ
1046 864 1202 926 ἱστορία
1234 864 1340 926 παρὰ
1370 869 1452 914 τοῖς
1484 864 1616 910 νεωτέ-

89 965 184 1006 ροις.
218 948 381 990 Q.T.V.

158 1021 227 1077 την
250 1019 483 1082 Τυνδαρέου]
517 1019 755 1079 σημείωσαι·
794 1018 836 1064 οὗ
860 1018 1077 1081 Τυνδαρέου
1113 1018 1265 1078 ὀφείλει
1300 1020 1482 1081 γράφειν,
1507 1018 1616 1063 ἀλλὰ

91 1098 306 1160 Τυνδάρεω.
345 1101 450 1142 Cod.
470 1101 600 1141 Vind.
623 1114 717 1156 133.

161 1192 259 1234 299.
293 1172 318 1229 ἦ
348 1172 385 1236 ῥ’
424 1172 495 1218 ὑπὸ
526 1172 746 1235 Τυνδάρεω]
788 1171 1052 1235 παροξυτόνως
1085 1171 1128 1218 τὸ
1158 1171 1372 1235 Τυνδάρεω,
1401 1172 1617 1223 ἀκολούθως

128 1256 194 1276 ηις
246 1250 256 1266 3
328 1251 338 1265 f

91 1274 144 1315 τῳ
215 1272 291 1313 ουχ
314 1272 362 1303 ως
385 1249 589 1313 Τυνδάρεω
613 1249 728 1312 κούρη
752 1249 857 1294 κακὰ
880 1248 1066 1309 μήσατο”
1092 1251 1197 1307 (Od.
1223 1271 1263 1304 ω,
1294 1253 1422 1310 199.).
1462 1254 1582 1296 H.Q.

1634 958 1679 982 10

157 1329 265 1390 μετα
288 1329 328 1375 δὲ
352 1326 396 1374 τὸ
418 1332 642 1389 γαμηθῆναι
674 1332 728 1390 τῷ
749 1327 953 1389 Τυνδάρεῳ
981 1327 1116 1372 τέτοκε
1145 1327 1236 1379 τοὺς
1259 1327 1538 1390 Διοσκούρους,
1572 1326 1617 1372 ἐκ

89 1405 162 1466 μὲν
185 1403 284 1457 Διὸς
309 1404 576 1461 Πολυδεύκην,
603 1404 647 1450 ἐκ
670 1404 710 1450 δὲ
733 1404 936 1467 Τυνδάρεω
962 1405 1171 1467 Κάστορα.
1208 1408 1263 1451 Q.

149 1527 183 1564 3.
201 1515 606 1564 Πλευρωνία-ἐγαμήθη]
623 1514 736 1552 Conf.
751 1515 826 1550 Eu-

92 1569 208 1605 stath.
228 1582 265 1617 p.
288 1569 402 1612 1686,
427 1581 484 1617 19.

147 1630 186 1671 5.
206 1624 399 1671 Τυνδάρεως]
434 1622 497 1658 Sic
517 1622 566 1657 V.
589 1622 626 1657 in
651 1622 708 1658 ed.
731 1622 826 1657 anti-

94 1677 189 1724 quis.
239 1675 343 1712 Nam
372 1677 409 1711 in
439 1681 595 1712 recentt.
619 1681 829 1712 correctum

91 1729 264 1777 Τυνδαρέου
294 1729 383 1775 (vid.
412 1735 491 1765 not.
520 1730 604 1777 sq.),
632 1729 749 1765 codex
779 1729 828 1772 Q.

93 1789 220 1818 autem
243 1783 381 1819 lemma
409 1783 523 1818 habet
553 1795 572 1818 e
598 1795 707 1818 versu
739 1793 829 1829 301.

95 1836 290 1872 BUTTM.
332 1836 495 1883 τυνδαρέου
513 1836 556 1872 T.

151 1890 185 1925 8.
207 1889 303 1936 γόνῳ]
327 1890 413 1936 ’γόνον
434 1889 481 1933 Q.

148 1954 184 1990 9.
205 1943 223 1986 ἦ
244 1942 276 1978 δὲ
298 1946 319 1978 ἱ.
339 1958 373 1978 π.
395 1958 424 1977 τ.
447 1958 473 1977 ν.
496 1955 570 1978 om.
591 1942 688 1986 Q.T.

156 2008 215 2031 11.
243 1997 424 2044 Τυνδάρεω]
455 1995 517 2031 Sic
543 2008 609 2043 per
629 2012 662 2038 ω,
685 2001 722 2031 et
751 1995 830 2030 sine

94 2066 116 2090 ι,
149 2055 187 2085 et
224 2054 541 2098 proparoxytone,
574 2049 634 2085 hic
663 2049 700 2084 in
735 2048 823 2084 lem-

94 2108 209 2144 mate,
231 2108 270 2138 et
289 2115 377 2138 mox
407 2103 463 2138 bis
490 2115 537 2138 ex
565 2102 724 2138 Homeri
744 2114 826 2138 ver-

93 2155 162 2198 bis,
182 2156 220 2192 in
241 2155 367 2192 dativo
395 2156 533 2204 pariter
558 2162 669 2204 atque
696 2156 734 2192 in
761 2168 826 2203 ge-

94 2209 212 2246 nitivo
247 2210 426 2257 scriptum
458 2210 530 2246 hoc
558 2222 710 2251 nomen,
742 2222 826 2245 cum

93 2263 131 2298 in
164 2263 324 2299 Homeri
357 2263 540 2311 exemplis
570 2263 734 2311 vulgatis
767 2263 828 2299 hic

93 2322 132 2352 et
161 2316 200 2352 in
232 2317 316 2352 loco
350 2317 463 2352 allato
493 2333 527 2358 ω,
564 2329 652 2365 199.
684 2322 830 2364 prostet

93 2370 277 2417 Τυνδαρέου,
287 2370 461 2418 Τυνδαρέῳ.
490 2370 748 2406 Nihilominus
764 2383 827 2406 au-

93 2429 170 2460 tem
197 2423 377 2466 additum,
407 2428 448 2459 ut
473 2423 578 2459 vides
606 2421 828 2470 παροξυτόνως.

95 2476 313 2525 Eademque
341 2477 468 2513 omnia
495 2476 610 2513 refert
634 2476 829 2512 Porsonus

94 2542 141 2565 ex
173 2530 222 2566 H.
254 2530 443 2578 additque,
477 2530 582 2566 “sed
606 2530 724 2566 voluit
754 2530 829 2566 for-

94 2588 195 2619 tasse
232 2582 548 2632 προπαροξυτόνο.’ς;”
591 2584 688 2631 quod
720 2596 827 2619 men-

94 2637 184 2672 dum
221 2649 311 2673 sane
349 2649 426 2673 non
457 2637 671 2684 infrequens
704 2636 742 2672 in
771 2637 829 2673 his

94 2690 258 2726 scholiis.
316 2690 361 2726 In
390 2696 498 2726 textu
527 2690 607 2726 cod.
629 2690 670 2726 P.
692 2695 749 2726 est
769 2691 826 2734 τὴν

93 2743 265 2791 Τυνδαρέου
286 2749 325 2780 et
350 2745 406 2779 ὑπὸ
426 2742 586 2791 Τυνδαρέω
609 2745 713 2789 (nam
735 2760 743 2778 ι
763 2743 829 2779 da-

94 2795 162 2832 tivi
193 2808 339 2844 semper
370 2797 420 2833 ibi
451 2797 676 2842 omittitur);
707 2802 744 2832 et
777 2797 830 2832 sic

95 2848 134 2884 in
162 2854 269 2886 textu
296 2863 427 2886 omnes
459 2863 616 2898 quorum
646 2849 830 2898 scriptura

95 2902 257 2939 innotuit
277 2904 436 2946 codices,
453 2904 563 2940 etiam
584 2903 644 2939 ille
659 2903 822 2940 Vindob.

96 2956 202 3002 cujus
233 2956 415 2993 scholium
446 2957 506 2993 hic
532 2957 652 3005 posui,
684 2962 720 2992 et
747 2957 826 3005 ipse

886 1514 936 1549 H.
957 1514 995 1550 in
1015 1527 1088 1562 quo
1110 1514 1256 1550 dativus
1283 1514 1383 1549 solus
1404 1526 1470 1561 per
1489 1526 1615 1550 emen-

885 1568 1075 1604 dationem
1107 1568 1267 1615 scriptus
1300 1573 1357 1603 est
1387 1580 1615 1616 proparoxy-

883 1627 984 1658 tone.
1042 1621 1155 1666 Quod
1183 1628 1309 1657 autem
1343 1621 1394 1657 ait
1429 1621 1617 1656 Porsonus

885 1676 1070 1724 quinquies
1085 1675 1310 1711 scholiasten
1333 1675 1522 1722 scripsisse
1537 1680 1615 1709 Τυν-

885 1729 994 1776 δαρέω,
1016 1729 1053 1764 id
1083 1741 1126 1764 eo
1147 1733 1302 1776 spectat,
1326 1729 1425 1775 quod
1454 1728 1526 1763 alia
1551 1728 1616 1763 ob-

887 1782 1047 1818 servatio
1087 1794 1195 1829 quam
1246 1781 1404 1817 seorsim
1448 1781 1618 1829 proxime

886 1835 1107 1871 exhibemus
1131 1836 1249 1881 (Μετὰ
1270 1836 1334 1879 δέ),
1356 1835 1451 1870 sicut
1474 1834 1511 1870 in
1532 1835 1617 1870 cod.

886 1888 933 1932 Q.
963 1889 1015 1924 ita
1044 1889 1122 1924 sine
1153 1888 1265 1923 dubio
1292 1888 1328 1923 in
1349 1888 1432 1924 cod.
1457 1888 1505 1924 H.
1527 1901 1615 1935 quo-

887 1954 970 1989 que,
992 1942 1078 1978 huic
1099 1942 1143 1977 de
1163 1942 1326 1977 nominis
1350 1942 1470 1977 forma
1490 1942 1617 1977 obser-

888 1996 1026 2031 vationi
1053 1996 1176 2031 statim
1209 1995 1387 2031 adhaeret.
1424 1995 1618 2031 BUTTM.

884 2049 943 2084 Ex
981 2048 1169 2085 Eustathii
1211 2049 1453 2084 annotatione
1492 2049 1618 2084 statim

884 2103 1105 2150 apponenda
1135 2102 1262 2150 colligi
1295 2108 1420 2149 potest
1454 2102 1617 2138 scriben-

885 2156 973 2192 dum
1003 2168 1085 2192 esse
1109 2153 1320 2203 παροξυτόνως
1349 2157 1384 2191 τὸ
1403 2156 1619 2204 Τυνδαρέω-

884 2214 922 2251 ὡς
940 2209 1111 2258 Τυνδαρέου
1130 2215 1199 2245 etc.

938 2266 1032 2299 ἀλλὰ
1071 2263 1202 2310 scripsi
1238 2275 1306 2311 pro
1344 2266 1421 2298 ἀλλ’
1459 2261 1489 2306 ἵν’).
1541 2263 1616 2298 Eu-

884 2317 997 2353 stath.
1027 2330 1064 2365 p.
1091 2316 1201 2357 1686,
1227 2328 1286 2363 23.
1306 2318 1481 2362 Τυνδάρεω,
1506 2314 1540 2351 δν
1553 2316 1616 2351 “0-

883 2386 975 2418 μηρος
1000 2371 1060 2416 μὲν
1085 2375 1188 2411 κοινὲἔς
1213 2371 1324 2410 κλίνει,
1354 2371 1442 2404 καθὰ,
1467 2373 1558 2413 δηλοῖ
1582 2370 1618 2405 τὸ

886 2431 908 2443 “
925 2424 1097 2471 Τυνδαρέου
1116 2426 1336 2470 παράκοιτιν,”
1358 2426 1396 2464 ὡς
1424 2423 1617 2470 Πανδαρέου,

884 2478 940 2513 καὶ
960 2478 996 2513 το
1018 2482 1041 2496 “
1057 2477 1113 2512 ὑπὸ
1133 2477 1315 2524 Τυνδαρέῳ”
1337 2473 1547 2523 παροξυτόνως
1563 2482 1617 2510 λε-

884 2533 974 2577 χθέν.
1012 2534 1038 2566 οἱ
1068 2531 1175 2576 μέντοι
1205 2529 1277 2575 μεθ’
1301 2529 1441 2577 “Ὀμηρον
1473 2530 1618 2564 Ἀττικοὶ

884 2586 1060 2631 Τυνδάρεων
1106 2580 1373 2630 προπαροξυτόνως
1418 2583 1535 2631 φασὶν,
1581 2586 1620 2624 ὡς

885 2638 1061 2673 Μενέλεων.
1100 2638 1178 2672 οὕτω
1211 2636 1244 2672 δὲ
1281 2637 1337 2671 καὶ
1369 2636 1422 2671 τὶν
1453 2637 1619 2679 Πηνέλεων

884 2691 1027 2726 Ἀττικοὶ
1047 2690 1106 2735 μὲν
1127 2691 1179 2725 διὰ
1196 2694 1325 2735 μακρᾶς
1343 2691 1499 2735 ληγούσης
1518 2691 1614 2735 προά-

884 2760 976 2790 γουσι
995 2744 1051 2779 καὶ
1071 2740 1368 2790 προπαροξυτονοῧσι
1394 2745 1485 2777 κατὰ
1503 2746 1617 2776 πᾶσαν

885 2798 942 2840 τὴν
960 2797 1112 2838 κλίσιν,ὃ
1139 2796 1170 2832 δὲ
1199 2796 1325 2839 ποιητὴς
1353 2795 1516 2841 κοινότερον
1544 2808 1616 2839 προ-

884 2852 984 2899 φέρει,
1013 2853 1051 2891 ὡς
1076 2852 1166 2894 δηλοῖ
1189 2850 1244 2884 καὶ
1275 2849 1310 2884 τὸ
1341 2854 1363 2867 “
1379 2847 1544 2891 Πηνελέωο
1573 2845 1615 2879 ἅ-

881 2906 1029 2945 νακτος.”

942 2968 1000 3002 14.
1021 2961 1066 3001 τῷ
1087 2956 1137 2991 Η.
1180 2958 1214 2990 τὸ
1235 2956 1283 2998 Q.

977 3019 1082 3059 le
