1956 3239
693 115 1113 157 APPENDIX.
1581 114 1663 154 7713

200 226 297 278 346,
319 239 354 266 Ι.
378 227 704 282 τὸ-ἆνερευνᾷς]
726 230 951 278 μεταλλᾶςῑ
985 229 1341 278 πολυπραγμονεῖς,
1365 227 1523 276 ἐρευνᾷς
1545 223 1593 274 Q.

201 293 297 344 346,
317 294 354 334 6.
388 295 479 346 πρὶν
514 294 602 345 περὶ
637 296 705 333 τοῦ
740 294 842 335 ὅπως
879 293 1157 344 ἀποκρίνεσθαι
1193 291 1414 332 Prellerus.
1467 291 1555 341 πρὶν
1585 290 1664 341 (se-

144 362 331 409 quuntur
354 359 486 400 literae
514 360 716 408 obscurae,
739 373 916 413 quarum
936 358 1072 412 prima
1099 372 1181 398 non
1203 375 1231 398 π
1252 362 1330 406 est,
1353 357 1425 397 sed
1447 373 1492 396 o:
1526 360 1663 396 totum

144 423 238 464 ὅθεν
258 439 348 466 esse
369 427 535 467 videtur
555 441 631 481 pro
652 427 755 468 ὅπως
776 426 999 480 scriptum)
1020 426 1121 468 ὅπως
1143 425 1447 476 ἀποκρινόμενος
1465 423 1519 462 Τ.

199 493 296 545 346,
318 504 354 544 7.
377 494 515 534 ἑαυτὸν
536 496 578 534 δὲ
601 493 811 543 συστήσειε
836 493 1061 533 Prellemls.
1110 492 1226 532 αὐτὸν
1248 492 1288 531 δὲ
1312 490 1500 540 συστήσει
1523 490 1576 528 Τ.

199 561 297 611 346,
319 573 378 600 10.
404 562 541 600 ἑαυτοῦ
563 560 785 600 Pl'elleruS.
834 561 950 600 αὐτοῦ
973 560 1027 599 Τ.

199 627 297 679 346,
318 627 381 667 18.
404 628 472 667 οὐκ
492 628 554 682 ἣν]
577 629 649 680 οὐχ
671 629 729 668 ὄτι
749 628 798 678 ἣν
820 627 1040 667 Prellemls.

201 706 298 746 349,
319 707 380 747 19.
413 695 574 748 νόστον]
608 694 744 735 Addit
772 694 819 734 T.
854 695 1032 745 ἔμφρονα
1052 695 1127 745 γὰρ
1159 693 1220 732 καὶ
1241 690 1408 740 συνετὴν
1428 690 1551 742 λέγει.
1596 689 1665 739 τὴν

142 761 218 811 γὰρ
238 760 365 811 μέσην
372 793 473 801 ......
484 778 552 801 ³——

199 829 296 881 346,
317 840 453 871 22—2
457 839 495 884 5.
521 829 588 870 Sic
610 829 688 869 hoo
710 828 899 869 scholion
920 828 1074 882 legitur
1095 828 1138 868 in
1161 827 1210 867 T.
1234 842 1275 881 p.
1299 839 1402 880 105„
1426 826 1499 866 sed
1523 826 1665 880 paullo

143 895 333 948 superius
359 897 418 950 (p.
443 899 554 949 104.)
588 900 685 951 post
719 896 951 948 συστρέψας
981 898 1038 949 (p.
1070 896 1166 949 346,
1198 896 1284 947 29.)
1309 893 1396 933 sic:
1430 892 1666 944 ἀποτρέπειν

143 963 244 1013 φασὶ
275 963 360 1005 τοὺς
382 965 557 1005 Φαίακας
586 967 717 1004 δοῦναι
743 963 844 1018 αὐτῷ
872 964 916 1003 οὐ
937 962 1091 1005 πάντως
1123 963 1165 1002 ἐκ
1195 965 1271 1001 τῶν
1303 965 1402 1001 θεῶν
1434 960 1584 1001 εὐνοίας
1612 964 1661 1009 σῆ

146 1028 190 1082 (i.
216 1043 250 1069 e.
273 1034 469 1083 σημεῖον).
518 1031 560 1070 τὸ
586 1032 655 1071 οὖν
680 1030 935 1081 ἀποτέλεσμα
962 1033 1113 1081 θαρρῶν
1134 1028 1177 1068 τὸ
1206 1030 1247 1068 ἐκ
1273 1029 1391 1081 τύχης
1411 1026 1665 1078 συμβεβηκὸς

143 1096 222 1135 τοῖς
244 1097 346 1137 θεοῖς
366 1096 555 1148 ἀναφέρει
576 1097 692 1136 ἔλεον
713 1097 982 1147 ἐπισπώμενος
997 1111 1067 1135 :—

201 1162 298 1213 346‚
319 1174 383 1215 23.
408 1165 508 1202 θεῶν
530 1162 755 1214 εὐεργεσίας
776 1162 838 1201 καὶ
860 1161 1011 1202 εὐνοίας
1033 1177 1071 1199 σ.
1091 1161 1146 1199 Τ.
1191 1162 1290 1199 θεῶν
1313 1158 1465 1199 ἐννοίας
1487 1174 1524 1196 σ.
1558 1156 1662 1206 P.Q.

200 1228 297 1280 346,
318 1240 383 1279 24.
407 1231 558 1280 θαρρῶν
579 1229 621 1268 τὸ
645 1229 703 1282 ἐκ]
731 1231 888 1280 θαρρεῖν
911 1229 952 1268 ἐκ
975 1227 1024 1278 Q.

201 1299 268 1346 τῆς
287 1298 419 1351 τύχης]
444 1301 508 1347 τῆς
529 1312 610 1338 om.
631 1298 686 1337 T.

202 1366 257 1406 εἰς
277 1365 364 1407 τοὺς
385 1365 511 1419 θεοὺς]
534 1366 604 1415 τὴν
625 1367 748 1417 φύσιν
771 1366 839 1414 Τ.,
863 1364 1015 1405 omisso
1039 1366 1103 1406 εἷς.

200 1433 297 1485 346,
319 1445 384 1485 29.
407 1433 493 1472 ἀντὶ
515 1436 582 1472 τοῦ
605 1432 834 1484 συστρέψας
854 1436 920 1472 est
941 1431 1070 1472 etiam
1091 1430 1133 1470 in
1156 1432 1208 1469 T.

200 1510 297 1553 347,
319 1512 381 1553 13.
403 1499 464 1554 τί]
488 1503 598 1539 τοῦτο
624 1501 680 1539 Τ.

202 1571 266 1609 διὰ
286 1568 344 1622 τὸ]
367 1570 409 1608 δὲ
431 1571 492 1609 διὰ
513 1571 582 1610 τὰς
607 1569 695 1621 (sic)
722 1570 775 1607 T.

202 1646 299 1690 347,
320 1648 382 1686 14.
407 1636 451 1675 τὸ
472 1650 552 1675 om.
579 1636 627 1686 Q.

204 1714 301 1758 347,
322 1716 385 1757 19.
406 1704 551 1758 φησιν]
577 1704 678 1754 φασὶ
701 1704 755 1743 Τ.

200 1783 298 1825 347,
320 1783 385 1812 21.
409 1771 633 1822 προ-τέθεικε
657 1770 881 1810 Prellerus.
930 1769 1181 1820 προστέθεικε
1204 1768 1258 1806 T.

201 1838 299 1892 348,
316 1851 356 1890 4.
381 1838 442 1877 καὶ
465 1838 667 1888 ἐκφυγεῖν]
692 1835 714 1886 ἢ
735 1840 878 1888 φυγεῖν
897 1835 951 1873 T.

204 1908 267 1946 καὶ
288 1905 414 1956 ὁδοὺς]
441 1903 500 1943 καὶ
522 1917 602 1943 om.
622 1904 677 1942 T.

204 1972 300 2027 348,
326 1984 363 2023 7.
395 1970 674 2023 λειποψυχῶν]
713 1972 960 2021 λυποψυχῶν
994 1967 1043 2007 Ε.
1068 1968 1116 2018 Q.
1183 1965 1458 2006 Scribendum
1493 1968 1666 2016 λιποψυ-

144 2045 241 2094 χῶν.

203 2106 301 2161 348,
322 2119 387 2147 21.
406 2106 546 2146 δύσετό
561 2104 591 2143 τ’
609 2104 742 2154 ἠέλιος
758 2119 766 2142 :
797 2104 851 2144 εἷς
866 2103 979 2142 δύσιν
997 2101 1184 2141 ἐκλίνετο.
1230 2099 1423 2151 γράφεται
1440 2098 1501 2138 καὶ
1516 2099 1665 2138 δείλετο

147 2175 235 2215 ἀντὶ
256 2177 324 2214 τοῦ
346 2174 400 2215 εἰς
420 2173 554 2222 δείλην
575 2171 760 2211 ἀπέκλινε
777 2185 846 2210 :——
868 2170 923 2208 T.

203 2254 300 2296 349,
317 2251 357 2293 5.
383 2240 453 2289 τὴν
474 2253 552 2279 om.
573 2238 622 2289 Q.

204 2321 301 2363 349,
320 2307 358 2346 6.
382 2306 557 2359 ἔπαιξεν]
584 2305 740 2353 ἔπαιζον
762 2304 810 2355 Q.

204 2388 301 2429 349,
321 2386 384 2427 13.
411 2374 613 2414 ἐλπίσειας
633 2371 794 2412 correxi
815 2384 892 2424 pro
913 2371 1087 2424 ἐλπίσῃς.

204 2453 302 2495 349,
322 2452 383 2492 15.
408 2440 492 2479 ἀντὶ
512 2441 579 2478 τοῦ
600 2438 774 2492 ἔλποιτο]
807 2438 910 2477 Haec
933 2436 1061 2476 verba
1082 2438 1180 2475 sunt
1201 2433 1328 2474 etiam
1349 2433 1391 2472 in
1414 2433 1469 2473 T.

206 2520 304 2561 349,
327 2518 392 2546 20.
414 2504 681 2557 μικροψύχως]
703 2505 951 2556 μικρόψυχον
968 2503 1022 2542 Τ.

206 2586 302 2627 349,
321 2585 389 2625 30.
411 2571 650 2625 προενόησε]
674 2571 919 2620 προσενόησε
942 2569 997 2607 T.

206 2651 303 2693 350,
325 2651 387 2677 11.
411 2638 451 2677 δὲ
474 2651 555 2676 om.
580 2636 628 2675 P.

207 2718 305 2760 350,
330 2718 389 2756 ¹7-
414 2706 462 2744 τὰ
491 2703 936 2753 α’ίσιμα-ἆναλόγητον
961 2700 1052 2754 (sic)
1077 2700 1207 2740 habet
1228 2699 1276 2739 T.
1306 2698 1477 2752 reliquis
1508 2696 1669 2737 omissis

149 2773 192 2812 in
213 2772 350 2826 spatio
371 2784 513 2812 vacuo.

207 2850 304 2894 350,
325 2840 391 2881 26.
414 2839 465 2889 μὴ
488 2836 710 2877 Prellerus.
755 2834 777 2885 ἢ
801 2837 855 2875 Τ.

210 2920 306 2961 351,
328 2920 391 2960 19.
414 2906 526 2956 ὅπερ]
555 2904 656 2945 ὅπως
679 2903 727 2953 Q.

841 2981 864 3021 3
891 2982 913 3007 E
940 2980 961 3008 2
