1956 3239
325 73 411 116 736
879 73 1300 115 APPENDIX.

383 201 451 242 34,
478 201 542 228 10.
576 188 617 228 ἐκ
649 187 833 242 πλήρους]
858 187 975 229 Conf.
1008 203 1047 242 p.
1075 198 1144 239 47,
1175 201 1239 242 13.
1274 188 1369 240 609,
1397 198 1461 237 14.
1494 187 1590 233 660,
1619 198 1682 237 14.
1737 185 1852 226 Male

326 254 454 295 etiam
475 269 584 295 nuno
607 254 741 295 ὁππότ’
766 257 914 297 ἐκεῖνος
935 254 1133 295 scribitur
1155 255 1233 295 Od.
1259 258 1291 302 ὃ,
1313 265 1408 309 731.
1432 268 1508 308 pro
1531 255 1677 294 ὁππότε
1700 257 1837 296 κεῖνος.

385 335 453 376 34,
481 335 543 373 14.
566 321 589 372 ἢ
613 323 913 373 οὗ-ἐπιὸημῶν
934 322 1064 362 habet
1086 322 1132 362 Τ.

383 403 452 444 34,
473 403 536 431 21.
561 391 650 445 ὧδε]
674 391 739 432 De
759 391 838 431 1100
860 394 1072 445 praeoepto
1095 390 1203 431 dixit
1226 390 1464 431 Nitzschius
1487 390 1530 430 in
1551 393 1695 430 annot.
1718 389 1796 429 vol.
1818 401 1853 429 2.

326 473 366 512 p.
388 471 402 497 Ι
415 459 479 498 28.

385 539 409 579 3
414 535 454 579 5,
478 539 511 565 1.
536 526 732 567 Scholion
755 526 809 566 V.
833 526 943 580 quod
967 526 1009 565 in
1031 526 1305 566 annotatione
1327 525 1554 566 memoravi
1575 525 1705 566 habet
1726 524 1856 565 etiam

327 593 387 641 T„
410 597 526 633 recte
548 593 706 647 scripto
728 593 982 645 Βρεντήσιον.

384 663 453 715 36,
474 675 514 713 4.
538 661 590 701 In
612 661 765 702 scholio
783 662 830 701 T.
854 666 950 716 post
973 663 1070 702 οὕτω
1094 679 1127 701 κ.
1150 661 1205 702 Ῥ.
1243 661 1454 702 Prellerus
1476 660 1617 702 omisit
1639 662 1768 702 verba
1789 678 1855 701 κα-

327 729 571 783 ταρρεομένῳ
595 729 669 769 ὑπὸ
689 733 852 769 πολλῶν
872 729 1035 769 ὑδάτων.

386 797 454 849 36,
480 807 515 847 7.
548 796 785 837 Annotatio
817 797 873 837 ad
893 799 961 850 36,
993 807 1030 850 7.
1060 797 1278 837 referenda
1311 797 1365 837 ad
1401 797 1469 851 36,
1499 798 1536 837 6.
1566 801 1608 837 et
1638 795 1695 836 sio
1731 794 1856 835 corri-

327 864 465 918 genda
488 871 510 886 ‘⁶
530 867 568 904 6.
593 864 636 904 τὸ
659 864 786 915 Νήῖον
808 864 1031 905 Prellerus.
1066 864 1109 904 τὸ
1132 864 1265 915 νήϊτον
1289 864 1497 905 Η.Μ.Τ.”
1543 863 1754 904 Proximae
1783 877 1857 903 an-

328 931 537 973 notationi
559 932 730 987 praefigo
751 946 969 972 numerum
993 944 1030 985 7.

386 1002 456 1054 36,
482 1013 547 1041 10.
571 999 742 1052 Νήριτον
765 1000 825 1040 καὶ
847 999 1165 1054 Νήϊον-ἐστιν]
1189 1002 1230 1040 δὲ
1254 1000 1385 1051 νήϊτον
1408 1001 1609 1052 νηρίτῠυ-
1623 1001 1724 1040 εἰσιν
1746 999 1792 1039 Τ.

388 1069 455 1122 36,
486 1080 546 1108 12.
569 1067 716 1119 Νηΐτου
738 1067 866 1108 etiam
888 1068 934 1107 T.

386 1135 456 1187 36,
486 1145 664 1187 15—17.
688 1134 996 1189 νηῦς-Ῥείθρῳ
1019 1149 1099 1175 om.
1123 1135 1169 1174 T.

388 1202 456 1253 36,
482 1214 545 1255 19.
570 1202 690 1252 ἀκτὴν
708 1201 775 1243 Ἠ.
799 1217 879 1243 0111.
903 1202 951 1242 T.

389 1281 459 1322 39,
480 1282 520 1319 4.
543 1269 737 1321 ἀρκτικὸν]
765 1269 833 1310 Sic
855 1270 903 1309 T.

388 1350 456 1390 39,
484 1349 546 1376 10.
569 1337 643 1387 μὲν
662 1337 734 1387 μέν
754 1337 860 1377 male
883 1351 1080 1377 excusum
1101 1351 1177 1390 pro
1197 1338 1271 1387 μὲν
1291 1354 1351 1387 με.

388 1417 456 1454 40,
483 1405 548 1443 26.
572 1404 768 1445 οὐκ-ἐπί
785 1409 828 1445 et
850 1405 893 1445 δέ
914 1419 993 1444 0111.
1018 1405 1063 1444 Τ.

389 1482 460 1520 41,
487 1483 520 1509 1.
543 1469 820 1524 προνένευκεν]
848 1470 1142 1523 περιπέπτωκεν
1162 1470 1208 1510 Τ.

387 1550 457 1587 41,
482 1547 518 1588 7.
541 1537 563 1586 ἡ
586 1553 626 1576 π.
650 1538 687 1577 ἆ..
713 1538 876 1591 εὐωχία]
902 1539 924 1589 ἡ
945 1539 1100 1590 μεγάλη
1125 1538 1269 1591 εὐωχία
1290 1538 1338 1577 Τ.

386 1617 457 1656 41,
482 1617 495 1643 1
511 1618 543 1644 1.
578 1608 835 1646 τι-ὃεῖπνον
857 1620 936 1646 om.
961 1606 1006 1646 T.
1036 1606 1078 1645 in
1109 1606 1271 1660 aliquot
1291 1605 1509 1647 literarum
1530 1605 1693 1646 lacuna.
1758 1605 1858 1647 Fuit

330 1671 461 1726 igitur
482 1672 668 1713 scholion
688 1672 855 1713 finitum
877 1672 1014 1713 vorbis
1035 1690 1072 1714 τι
1094 1674 1301 1724 κομίσειεν.

387 1753 458 1791 41,
487 1754 550 1794 13.
568 1738 730 1782 ’Ἄλλως
750 1740 970 1794 praefixum
991 1740 1030 1780 in
1057 1740 1104 1780 T.

388 1808 568 1860 πολλῶν]
594 1810 755 1848 πολλῶν
777 1808 928 1859 ἀνδρῶν
949 1808 996 1848 Τ.

387 1888 458 1926 41,
487 1887 546 1928 15.
570 1875 984 1929 ἤσθιον-ἐσθίοντες]
1007 1875 1146 1926 ἤσθιον
1169 1877 1245 1916 ἰδία
1268 1876 1453 1917 ἐπέτοντο
1477 1876 1525 1916 Τ.

387 1955 459 1994 41,
484 1954 546 1994 17.
579 1943 640 1982 18.
665 1955 729 1993 24.
756 1952 822 1996 25.
846 1942 977 1983 habet
998 1943 1045 1982 T.

388 2022 456 2060 41,
485 2019 550 2061 27.
573 2009 661 2049 ἀντὶ
682 2012 750 2049 τοῦ
771 2023 852 2049 om.
877 2010 922 2049 T.

389 2077 652 2131 τινὲς-ἀντὶ]
675 2078 778 2118 τινὲς
799 2079 873 2129 γὰρ
896 2078 981 2117 ἀντὶ
1003 2078 1048 2117 Τ.

389 2157 458 2197 43,
489 2157 550 2196 19.
585 2144 647 2183 καὶ
678 2143 998 2198 τὴν-λέγομεν]
1033 2144 1308 2184 Scribendum
1340 2145 1401 2184 καὶ
1434 2146 1508 2197 γὰρ
1540 2145 1610 2194 τὴν
1637 2149 1713 2185 τῶν
1745 2146 1857 2197 ἐρίων

334 2214 409 2250 τῶν
431 2211 802 2261 ἤδη-ὀνομάζομεν
823 2225 874 2251 ex
897 2212 943 2251 T.

389 2291 460 2330 43,
486 2290 549 2316 21.
574 2278 690 2331 αὐτῷ]
718 2278 834 2317 αὐτὸν
857 2278 904 2316 Τ.

389 2356 458 2396 43,
485 2355 549 2385 22.
575 2345 617 2383 δὲ
638 2358 719 2383 om.
742 2345 787 2384 T.

389 2423 461 2463 43,
485 2422 550 2463 25.
575 2411 819 2463 ἁρπακτικοί]
847 2410 870 2461 ἢ
892 2412 1011 2462 ὄρνεα
1032 2411 1245 2462 ἁρπακτικά
1264 2411 1385 2454 addit
1408 2412 1456 2453 T.

391 2490 459 2530 43,
485 2479 550 2518 26.
585 2478 871 2531 ἀνηρείψαντο]
912 2477 1155 2530 ἀνήρπασαν.
1190 2480 1251 2520 καὶ
1288 2483 1379 2522 ναῦς
1413 2497 1460 2532 γε
1493 2481 1592 2522 ὅλας
1622 2481 1856 2534 ἀναρπάζου-

335 2561 413 2584 σιν.
437 2544 483 2584 Τ.

391 2624 459 2661 44.
488 2612 606 2651 1-8.
628 2611 759 2651 habet
781 2611 827 2651 T.

390 2692 460 2731 44,
486 2691 522 2719 2.
545 2679 757 2730 ἀναγκαῖον
777 2679 865 2733 μὲν]
889 2681 1082 2732 ἀναγκαῖα
1106 2681 1204 2733 (1100
1227 2683 1426 2734 accentu)
1448 2682 1521 2733 μέν
1542 2699 1588 2735 γε
1610 2683 1656 2722 T.

393 2760 462 2796 44,
484 2759 524 2799 3.
546 2749 611 2796 τῆς
633 2759 713 2785 om.
738 2746 784 2785 T.

394 2814 606 2866 ἀπωλείας]
634 2812 759 2853 Adde
780 2817 963 2863 προξενεῖ
979 2828 1031 2854 ex
1054 2814 1100 2854 T.

393 2894 462 2931 44,
490 2893 551 2919 12.
579 2893 642 2933 13.
666 2879 860 2919 Scholion
883 2880 932 2919 B.
955 2880 1084 2922 habet
1107 2881 1153 2920 T.
