1956 3239
741 114 1164 155 APPENDIX.
1635 112 1718 157 765

252 230 345 276 281,
366 241 429 270 12.
455 228 702 281 προσίενται]
732 227 932 279 προΐενται
953 229 999 268 Τ.

250 296 343 345 281,
366 308 430 335 20.
454 295 554 349 αὐτῷ
576 294 819 349 χρήσασθαι]
848 297 967 347 ταύτη
988 298 1160 349 χρᾶσθαι
1176 295 1240 342 Τ.,
1260 295 1414 336 omisso
1431 297 1482 349 τῷ
1507 293 1717 347 κρηδέμνῳ.

250 363 343 411 282,
370 373 406 416 7.
430 362 529 402 ἰέναι
551 376 631 402 om.
653 362 701 402 T.
722 362 765 402 in
785 363 952 404 lacuna.

250 430 344 476 282,
362 441 426 481 17.
449 429 937 484 κέλητα-ἐλαυνόμενον]
969 429 1143 485 Legitur
1162 430 1242 470 hoo
1271 428 1457 471 scholion
1483 428 1525 468 in
1547 429 1597 469 T.
1622 433 1719 483 post

190 496 377 536 scholion
399 496 453 537 ad
474 514 509 547 η,
531 511 601 549 49.

250 565 342 617 283,
361 576 400 613 4.
422 567 498 603 τῶν
520 564 672 615 ἄλλων]
699 565 746 604 τὰ
767 568 844 604 τῶν
864 565 1001 605 ἄλλων
1022 563 1129 615 B.Q‚.

249 630 342 684 283,
363 631 400 670 8.
425 631 487 670 καὶ
508 632 602 682 πῶς]
629 631 731 673 ὅπως
751 630 799 671 Τ.

248 697 456 749 ἐπλάζετο]
481 697 648 746 πλάζετο
670 697 776 749 B.Q.

249 765 343 819 283,
362 777 402 818 9.
426 767 540 805 τοῦτο
561 778 640 804 0111.
659 765 706 805 Τ.

249 833 343 885 283,
365 845 429 883 14.
454 832 503 874 ὡς
524 846 604 872 om.
622 832 669 872 Τ.

249 900 343 954 283,
368 912 427 952 17.
452 901 514 940 καὶ
537 900 704 955 ἰσχυρῷ]
734 901 794 941 καὶ
817 915 896 941 om.
921 900 1028 952 EMQ

248 968 345 1021 283,
362 981 427 1021 19.
454 968 517 1007 καὶ
538 967 737 1020 εὐμεγέθει
759 982 838 1008 om.
864 967 971 1019 EUQ

248 1036 343 1090 283,
364 1047 429 1088 25.
451 1034 602 1087 γαλήνη
625 1035 792 1086 ἀνέμων,
812 1036 855 1076 οὐ
874 1035 1056 1090 κύματος]
1080 1036 1102 1084 ἡ
1125 1035 1277 1088 γαλήνη
1300 1035 1344 1075 οὐ
1361 1039 1438 1075 τῶν
1455 1035 1633 1086 κυμάτων
1653 1035 1714 1086 ἦν,

189 1103 295 1143 ἀλλὰ
310 1106 387 1142 τῶν
404 1101 557 1153 ἀνέμων
573 1102 636 1151 Τ.,
656 1102 726 1157 qui
748 1102 857 1144 infra
877 1102 903 1143 l.
925 1104 989 1143 28.
1008 1117 1089 1143 om.
1106 1103 1234 1144 verba
1255 1103 1277 1154 ἡ
1300 1102 1620 1155 γαλήνη-ἀλλὰ
1640 1106 1717 1143 τῶν

190 1169 379 1221 κυμάτων.

248 1237 342 1291 283,
367 1238 432 1278 26.
454 1236 631 1289 μεγάλου
653 1235 727 1276 ὑπὸ
751 1237 933 1291 κύματος]
960 1236 1147 1289 μεγάλων
1167 1236 1241 1277 ὑπὸ
1265 1236 1442 1288 κυμάτων
1459 1237 1507 1278 Τ.

245 1303 439 1346 πολλάκις
460 1304 522 1359 δὲ]
547 1305 588 1344 δὲ
610 1317 693 1343 non
714 1303 793 1344 hoo
814 1304 917 1353 loco,
941 1304 1014 1344 sed
1035 1308 1134 1345 ante
1158 1305 1366 1355 ἐνδόσιμον
1384 1304 1515 1345 habet
1537 1304 1585 1344 T.

248 1371 341 1422 284,
362 1385 397 1412 Ι.
421 1371 598 1423 πέλαγος
619 1371 753 1422 κύματι
776 1374 891 1427 κωφῷ
914 1372 1210 1425 κυλινδόμενον]
1235 1371 1410 1424 πέλαγος
1433 1371 1610 1423 κυμάτων
1630 1371 1716 1425 (de-

188 1451 278 1478 cem
297 1438 383 1479 fere
404 1437 625 1479 literarum
644 1438 809 1492 lacuna)
836 1440 1118 1489 ἐκμαινόμενον
1137 1439 1184 1479 Τ.

248 1506 343 1555 284,
363 1520 400 1559 9.
428 1506 554 1557 ζώειν]
580 1506 666 1554 ζώει
689 1505 793 1557 P.Q.

249 1573 346 1623 284,
365 1585 428 1612 10.
451 1571 513 1626 κε]
539 1573 600 1612 καὶ
623 1572 726 1624 P.Q.

248 1639 342 1690 284,
363 1639 428 1679 26.
449 1638 714 1691 ῥόχθει-διὰ
745 1638 832 1693 τοῦ]
866 1639 954 1678 ποτὶ
984 1639 1099 1690 ξερὸν
1129 1639 1327 1690 ἠπείροιο;
1362 1640 1467 1691 παρὰ
1497 1638 1540 1678 τὸ
1572 1637 1716 1689 πέτρας

188 1708 252 1747 διὰ
282 1709 349 1756 τῆς
372 1705 552 1760 (corrige
581 1708 686 1757 παρὰ
713 1706 757 1746 τὸ
785 1709 976 1758 πετρῶδες
1000 1709 1066 1756 τῆς
1094 1720 1146 1747 ex
1170 1720 1211 1760 p.
1236 1706 1330 1759 285,
1352 1706 1410 1757 Ι.)
1435 1707 1562 1756 ἀκτῆς.
1609 1705 1652 1746 τὸ
1674 1706 1715 1746 δὲ

188 1774 283 1826 πρὸς
304 1777 373 1816 τὰς
393 1772 534 1824 πέτρας
555 1774 802 1824 ἀντίκρουσιν
823 1774 842 1812 ὁ
864 1776 932 1812 τοῦ
956 1774 1122 1824 κύματος
1143 1775 1206 1813 διὰ
1227 1776 1293 1813 τοῦ
1314 1773 1361 1813 T.

249 1839 346 1892 284,
367 1853 434 1895 29.
457 1842 518 1880 διὰ
540 1843 616 1880 τῶν
639 1844 790 1892 πετρῶν
811 1854 891 1880 0111.
910 1840 957 1881 T.

249 1908 342 1958 284,
364 1920 432 1962 30.
455 1907 652 1962 ἀπετέλει]
677 1907 856 1948 ἐπετέλει
878 1907 928 1947 Ε.

249 1975 300 2015 28
304 1988 344 2029 5,
363 1989 400 2030 3.
426 1974 474 2014 In
492 1974 542 2015 T.
563 1974 748 2016 scholion
769 1974 948 2023 brevius,
964 1975 1015 2030 τῷ
1038 1975 1150 2030 ἆφρῷ
1173 1977 1237 2025 τῆς
1259 1974 1465 2026 θαλάσσης
1486 1974 1614 2015 πάντα
1635 1974 1716 2014 ἐκε-

190 2041 365 2083 κάλυπτο
382 2058 450 2082 :—

249 2111 345 2165 285,
364 2111 404 2152 6.
426 2113 494 2153 τᾶς
516 2111 624 2165 ναῦς]
653 2112 721 2154 τὰς
744 2113 838 2162 νῆας
859 2110 909 2151 Ε.

249 2178 345 2231 285,
363 2192 401 2231 9.
424 2178 535 2231 ἔνθα]
563 2178 679 2219 ἔνθεν
695 2178 742 2218 Τ.

248 2247 310 2285 διὰ
332 2244 396 2297 τὸ]
421 2247 472 2299 τῷ
494 2245 542 2285 Τ.

249 2312 345 2365 285,
371 2322 432 2366 15.
464 2311 661 2362 λιμένωνς
696 2313 794 2364 φημὶ
824 2310 908 2366 οὖν]
936 2311 1110 2363 λιμένων
1132 2312 1193 2352 καὶ
1224 2313 1347 2353 πόθεν
1377 2312 1546 2362 τοῦνομα
1576 2309 1716 2363 προσέ-

191 2383 311 2429 βαλε.
355 2381 412 2421 τίς
433 2379 509 2431 ἔφη
531 2380 601 2419 οὖν
618 2378 666 2419 Τ.

251 2446 345 2499 285,
368 2457 428 2493 17.
452 2447 491 2485 ἐκ
514 2445 602 2501 τοῦ]
626 2446 702 2486 ἀπὸ
723 2449 790 2486 τοῦ
813 2445 861 2486 Τ.

250 2513 382 2564 ἐπειδὴ
403 2527 482 2553 0111.
505 2513 555 2565 Q.

252 2580 347 2633 285,
369 2581 431 2627 18,
453 2580 540 2620 ἀντὶ
561 2582 628 2619 τοῦ
650 2580 814 2634 φωνεῖν]
843 2581 905 2621 ἐπὶ
927 2582 971 2629 τῆ
994 2583 1105 2632 φωνῆ
1126 2581 1172 2621 Τ.

250 2645 377 2696 εἶπεν]
404 2645 480 2697 ἔφη
501 2645 548 2685 Τ.

252 2713 346 2766 285,
370 2725 434 2765 19.
459 2712 551 2763 ἷωὴν
572 2716 670 2766 post
691 2712 826 2764 φωνὴν
843 2712 890 2752 Τ.

251 2780 339 2831 περὶ
360 2779 407 2819 Τ.
454 2781 560 2831 παρὰ
583 2778 685 2830 P.Q.

252 2846 380 2901 ἤλυθ’]
407 2846 505 2897 ἦλθε
529 2846 578 2887 T.

255 2914 349 2968 285,
371 2926 436 2955 21,
470 2914 759 2966 κυρίως-ὅπου
789 2913 967 2967 ἄγνυται]
1000 2915 1133 2965 κυρίως
1155 2915 1223 2955 οὖν
1243 2917 1308 2965 τῆς
1334 2916 1455 2964 πνοῆς
1483 2915 1570 2963 ι’ωῆς
1600 2912 1717 2963 οὔσης
