1956 3239
699 147 1011 186 ΟΔΤΣΣΕΙΑΣ
1046 150 1094 186 Λ.
1577 147 1652 192 49]

138 244 240 303 αῧτη
271 246 392 292 τοίνυν
425 248 449 303 ἦ
481 245 568 302 δίκη
597 247 748 291 πάντων
780 250 931 308 βροτῶν
959 247 1254 307 κατεκράτησεν
1286 246 1327 300 ἐξ
1355 246 1480 304 αὐτῆς
1511 248 1662 304 ταύτης

136 323 339 383 γενέσεως.
378 326 435 368 Η.

203 396 266 443 ὅτε
290 398 353 443 κέν
377 418 422 443 τε
447 398 624 455 θάνωσιν]
655 418 721 459 γρ.
747 396 811 444 ὅτε
835 418 898 448 τις
921 418 964 442 κε
989 398 1140 460 θάνῃσι.
1179 402 1244 444 M.

206 491 301 533 219.
339 474 380 519 οὗ
417 474 496 536 ’γὰρ
529 473 586 520 ἔτι
629 476 798 536 σάρκας]
841 473 1065 533 σημεῖωσαι
1103 474 1265 519 ἐνταῦθα
1296 473 1354 520 ὅτι
1387 475 1440 520 τὰ
1471 481 1582 538 νεῦρα
1613 477 1663 527 ὥς

136 548 322 606 κινήσεώς
357 571 401 596 τε
436 548 502 594 καὶ
527 550 749 606 αἰσθήσεως
773 548 917 612 ὄργανα
950 548 1014 595 τᾶν
1043 549 1128 595 ἔλον
1152 550 1290 612 ’ἔχουσι
1324 556 1391 596 τοῦ
1417 549 1509 614 ζῴου
1533 552 1660 613 λόγον.
1676 576 1697 615 5

137 627 182 672 αἱ
204 627 244 672 δὲ
269 629 414 689 σάρκες
446 624 513 672 καὶ
537 626 589 672 τὰ
613 632 724 689 νεῦρα
753 627 798 672 αἶ
825 627 898 687 μὲν
928 627 984 678 εἷς
1016 627 1247 685 ἀσφάλειαν
1272 626 1442 688 ἐγένοντο
1475 626 1542 673 καὶ
1571 629 1663 674 ἀνά-

136 725 284 749 παυσιν
315 710 388 749 τῶν
420 704 563 766 νεύρων,
591 703 643 749 τὰ
675 703 714 749 δὲ
748 704 805 755 εἷς
836 704 1050 766 ἀντέρεισιν
1082 709 1150 749 τοῦ
1183 702 1289 767 ζῴου.
1337 704 1401 749 διὰ
1431 710 1543 750 τοῦτο
1577 703 1663 751 εἷπε

137 777 205 825 καὶ
229 778 273 825 τὲ
298 787 324 804 “
375 780 384 795 ’

207 873 303 902 221.
339 855 481 917 δαμνᾷ,
519 857 568 907 ὦς
598 862 718 918 κιρνᾷ.

392 934 402 947 C

140 933 319 994 Κράτης.
385 953 402 977 o

344 801 384 825 OU
407 780 485 842 ’γὰρ
510 780 568 826 ἔτι
596 781 748 842 σάρκας·
772 801 816 825 ΤΕ
840 778 907 825 Καὶ
932 780 1055 825 ὀστέα
1080 776 1155 831 ἶνες
1179 779 1317 842 ἕχῦυσί

1325 780 1356 825 .”
1394 785 1445 826 Β.

768 856 804 901 οἱ
831 856 883 910 δὲ,
910 856 1105 916 δάμναται
1139 856 1190 907 ὥς
1218 877 1280 901 κεν
1308 863 1442 919 πρῶτα
1477 856 1588 921 λίπῃ,
1615 859 1665 910 ὥς

459 933 473 977 ὲ
498 930 811 987 Ἀσκαλωνίτης,
839 931 1071 992 σννεῧάμνα,
1097 930 1120 988 ὴ
1150 937 1217 977 τοῦ
1247 932 1442 992 ὃαμνᾶται
1468 935 1661 990 ἀποκοπη,

139 1008 262 1062 ἔξοδον
292 1008 333 1054 δὲ
368 1006 646 1069 ἀναγινώσκειν
668 1008 982 1069 περισπωμένως,
1015 1007 1090 1053 άπό
1116 1014 1183 1054 τοῦ
1217 1008 1421 1069 ὃαμνῶμαι
1453 1011 1501 1061 ὥς
1525 1017 1665 1074 πειρῶ-

195 1186 230 1222 3.
252 1177 300 1215 τίς
317 1191 352 1209 κε
374 1175 506 1221 θάνῃσι]
533 1176 580 1215 τίς
599 1190 649 1209 κεν
666 1174 736 1214 Μ.,
759 1174 870 1209 Omis-

140 1240 181 1264 SO
197 1230 324 1275 θάνῃσι.
368 1228 595 1274 scripturam
616 1227 669 1263 ’ὅτε
689 1229 737 1265 τίς
756 1244 788 1262 κε
811 1229 871 1262 θά-

139 1297 210 1329 νῃσι
230 1280 267 1315 in
287 1286 395 1316 textu
415 1281 529 1316 habet
550 1280 601 1316 N.

194 1346 231 1380 9.
251 1334 434 1379 δάμναται]
465 1340 591 1379 μνᾶται
615 1332 667 1368 H.
727 1339 749 1353 “
768 1333 874 1368 Diffi-

140 1387 207 1423 cile
223 1392 261 1423 et
282 1393 498 1434 corruptum
520 1386 700 1426 scholion,
716 1386 875 1422 fortasse

140 1441 251 1476 etiam
278 1440 474 1481 mutilum;
505 1441 540 1475 in
564 1452 636 1486 quo
657 1445 780 1475 cetera
799 1452 875 1475 non

140 1493 311 1542 expedio.
373 1493 493 1541 Prope
527 1493 673 1528 initium
703 1493 811 1540 lege:
849 1497 876 1528 οἱ

139 1546 186 1590 δὲ,
219 1549 398 1592 δάμναται,
438 1547 474 1588 εἵς
502 1563 537 1582 κε
571 1551 684 1593 πρῶτα
714 1548 804 1593 λίπῃ,
838 1550 876 1588 ὡς

139 1602 282 1647 Κράτης.
341 1599 492 1647 Triplex
527 1599 643 1647 igitur
675 1599 788 1635 fuisse
817 1600 872 1635 vi-

139 1653 249 1688 detur
280 1653 417 1689 lectio:
455 1653 609 1701 vulgata
646 1652 698 1688 ita
736 1653 874 1700 scripta

139 1711 453 1747 AAMNAIEHE1;
496 1706 659 1742 secunda
692 1711 872 1741 AAMNA-

139 1763 277 1793 TEHEI
303 1771 370 1805 pro
395 1761 563 1803 δάμναται
584 1760 664 1799 ἐπεί,
686 1771 767 1805 quae
793 1759 870 1805 ple-

139 1811 198 1846 nis
224 1811 357 1847 litteris
378 1818 530 1847 exarata
556 1811 791 1847 occasionem
812 1812 874 1847 de-

141 1864 195 1900 djt
241 1863 384 1900 Crateti
432 1864 645 1912 corrigendi
693 1870 872 1899 ΔΑΜΝΑ-

140 1921 289 1952 ΤΑΙΩΣ.
340 1917 437 1953 Illud
457 1923 616 1965 receptae
637 1917 788 1953 lectioni
808 1917 873 1952 ob-

142 1975 228 2010 stat,
260 1971 359 2018 quod
389 1973 522 2016 δαμνάω
553 1973 660 2015 δαμνῶ
690 1983 874 2018 nusquam

141 2023 240 2070 apud
259 2029 410 2070 poetam
430 2023 603 2064 occurrit,
621 2023 686 2059 sed
706 2029 770 2059 aut
790 2026 875 2067 δάμ-

141 2092 212 2122 νημι
233 2082 297 2112 aut
317 2079 500 2122 δάμναμαι,
521 2077 593 2113 hoc
621 2076 742 2112 activo
763 2089 874 2112 sensu

140 2136 359 2177 usurpatum
385 2130 459 2165 Od.
485 2129 515 2171 ξ,
542 2129 636 2176 488.
697 2130 741 2165 In
772 2130 816 2165 Il.
842 2128 872 2171 ξ,

145 2194 231 2231 199.
265 2185 376 2228 δαμνᾷ
408 2183 477 2219 rite
511 2183 709 2219 adhibetur
744 2189 874 2230 utpote

141 2241 375 2272 contractum
396 2248 416 2271 e
432 2238 614 2281 δάμνασαι,
633 2237 732 2283 quod
753 2236 875 2283 ipsum

140 2301 317 2324 numeros
334 2289 507 2324 meliores
524 2289 734 2325 redderet.’'
752 2289 872 2325 POR-

142 2340 264 2377 SON.
322 2342 518 2377 Excidisse
538 2342 674 2389 ahquid
701 2348 786 2390 post
806 2355 872 2377 no-

139 2407 227 2430 men
258 2397 384 2441 Κράτης
414 2394 503 2430 mihi
531 2408 677 2443 quoque
707 2395 875 2443 explora-

139 2452 218 2482 tum
237 2453 306 2483 est.
351 2447 465 2483 Certe
481 2461 561 2494 quae
578 2455 783 2496 sequuntur
797 2461 874 2484 non

140 2501 299 2548 amplius
328 2507 498 2548 spectant
526 2501 573 2537 ad
602 2502 713 2549 hujus
743 2502 874 2537 scholii

138 2558 308 2595 textum;
339 2554 404 2589 sed
424 2560 654 2590 memoratur
669 2560 814 2590 tantum
836 2555 872 2590 in

137 2606 221 2647 illis,
245 2619 312 2654 per
331 2607 492 2654 aliquem
520 2619 604 2642 cum
629 2608 872 2654 praecedenti-

138 2659 208 2695 bus
229 2672 381 2699 nexum,
403 2666 581 2707 tanquam
602 2660 730 2695 itidem
750 2660 872 2708 legiti-

139 2725 201 2747 ma
227 2713 391 2748 secunda
419 2725 588 2760 personae
617 2713 738 2748 forma
767 2716 875 2759 δαμνᾳ

143 2766 353 2811 (accentum
384 2766 552 2801 nondum
579 2766 786 2813 appingo);
816 2766 875 2801 cui

141 2818 179 2853 in
209 2819 405 2854 discrimen
436 2819 568 2859 tertiae,
594 2832 676 2866 quae
705 2819 742 2854 in
769 2824 876 2855 textu

144 2876 214 2912 est,
236 2871 402 2907 additum
433 2871 503 2907 fuit
531 2884 739 2919 pronomen
765 2874 817 2915 σύ,
840 2877 878 2908 et

144 2923 315 2965 fortasse,
356 2925 402 2960 ad
441 2925 679 2960 indicandum
727 2936 877 2961 sensum

929 1174 1059 1210 itidem
1093 1175 1268 1216 activum,
1305 1176 1538 1212 accusativus
1570 1190 1662 1224 quo·

930 1240 1001 1274 que
1035 1228 1090 1273 με’,
1125 1231 1168 1263 σύ
1200 1245 1242 1274 με
1277 1231 1395 1275 ὃαμνᾳ.
1447 1229 1548 1277 quod
1580 1243 1662 1266 cor-

929 1286 1080 1329 ruptum
1098 1281 1245 1317 transiit
1262 1281 1297 1317 in
1315 1285 1510 1326 σινεόσίμνα.
1554 1284 1663 1319 Hanc

929 1334 1053 1381 itaque
1093 1334 1252 1370 formam
1291 1337 1399 1381 δαμνᾳ
1439 1336 1664 1373 Ptolemaeus

932 1388 1149 1423 Ascalonita
1183 1388 1340 1424 docebat
1375 1401 1456 1424 esse
1491 1389 1663 1426 decurta-

931 1447 1008 1475 tam
1032 1454 1051 1476 e
1080 1441 1234 1488 pleniori
1260 1443 1454 1487 δαμνᾶσαιι
1487 1443 1539 1479 sic
1566 1444 1664 1479 enim

930 1494 1145 1542 legendum,
1171 1495 1189 1538 ἡ
1216 1500 1270 1530 τοῦ
1297 1497 1466 1540 δαμνὲῖσαι
1494 1498 1660 1540 ἀποκοπήε

930 1548 1321 1595 pronuntiandumque
1360 1561 1442 1585 esse
1479 1550 1574 1585 ezitu
1609 1551 1662 1586 in-

919 1601 1017 1649 fleoeo
1038 1603 1159 1647 δαμνᾷ,
1180 1602 1289 1649 plane
1317 1608 1356 1637 ut
1382 1610 1478 1650 πειρᾷ
1502 1604 1666 1639 secunda

928 1666 1088 1701 persona
1106 1655 1210 1690 verbi
1229 1659 1398 1702 πειρῶμαι.
1458 1657 1662 1704 Compara-

928 1713 990 1743 tur
1009 1708 1158 1743 tandem
1183 1708 1346 1744 Atticum
1367 1709 1479 1744 etiam
1499 1712 1573 1755 δύνᾳ
1593 1722 1662 1757 pro

1143 1761 1256 1804 Quod
1290 1768 1414 1796 autem
1449 1762 1499 1797 ait
1537 1775 1662 1810 gratn-

932 1813 1088 1848 maticus
1109 1816 1323 1860 ἐκφωνεῖσθαι
1344 1815 1379 1849 τὸ
1400 1831 1422 1856 ι,
1445 1815 1491 1850 de
1515 1827 1558 1850 ΕΟ
1583 1815 1663 1864 ipse

930 1865 1075 1901 viderit.
1152 1866 1330 1902 Ceterum
1373 1868 1536 1903 concinit
1578 1881 1664 1904 cum

931 1918 999 1960 his,
1014 1924 1255 1966 nostramque
1269 1919 1451 1955 rationem
1467 1921 1663 1957 confirmat

931 1971 1047 2007 schol.
1069 1971 1112 2007 11.
1133 1970 1163 2014 ξ,
1186 1984 1272 2019 199.
1296 1973 1359 2008 ubi
1379 1973 1470 2008 illud
1490 1975 1663 2010 secundae

931 2037 1100 2072 personae
1116 2027 1227 2070 δαμνᾷ
1241 2026 1292 2061 ita
1308 2026 1532 2073 explicatur:
1555 2030 1664 2073 δαμνᾳ

930 2081 1126 2121 -ἀποκιπη
1143 2094 1196 2112 του
1216 2081 1385 2124 δαμνασαι
1403 2095 1410 2114 ;
1443 2080 1502 2115 cul
1522 2080 1663 2116 scholio

931 2131 1020 2166 dum
1050 2137 1225 2167 accentus
1252 2144 1271 2167 e
1298 2132 1426 2168 codice
1455 2134 1661 2182 appingan-

931 2190 1004 2225 tur,
1022 2196 1095 2231 ego
1115 2185 1400 2231 grammaticum
1418 2186 1565 2222 dedisse
1587 2193 1661 2223 sta-

934 2243 1012 2278 tuo,
1030 2249 1104 2272 non
1121 2240 1291 2282 δάμνασαι
1307 2253 1313 2274 :
1341 2239 1440 2286 quod
1456 2240 1663 2276 breviatum

931 2296 1031 2326 esset
1051 2293 1171 2335 δάμνα,
1190 2297 1230 2327 ut
1250 2293 1348 2336 δύνᾳῑ
1383 2293 1447 2328 sed
1468 2295 1662 2338 δαμνᾶσαι;

931 2350 972 2379 ut
996 2349 1150 2390 apparet
1169 2356 1215 2379 ex
1236 2344 1366 2380 scholii
1392 2346 1510 2381 nostri
1534 2346 1664 2382 formis

931 2399 1103 2442 ὃαμνῖὖμαι
1121 2402 1157 2432 et
1177 2397 1240 2433 illo
1260 2410 1280 2433 e
1296 2400 1467 2443 ὃαμνέῖσαι
1487 2405 1664 2447 corrupto

1167 2450 1253 2486 Jam
1275 2450 1304 2485 si
1323 2451 1492 2498 legitima
1511 2457 1568 2488 est
1587 2452 1663 2487 for-

930 2515 990 2538 ma
1006 2505 1118 2548 δαμνᾷ
1133 2503 1170 2538 in
1187 2504 1350 2539 secunda
1365 2517 1479 2552 pass„
1496 2505 1665 2552 legitima

930 2561 987 2591 est
1006 2555 1119 2591 etiam
1143 2556 1181 2592 in
1200 2558 1311 2592 tertia
1331 2564 1401 2593 act.
1423 2560 1547 2604 δαμνᾷ.
1606 2558 1665 2593 Illi

930 2614 1062 2644 contra
1098 2610 1333 2656 grammatici
1365 2611 1426 2658 qui
1464 2617 1664 2658 utrumque

931 2661 1165 2703 damnarent,
1196 2663 1233 2698 in
1263 2663 1379 2699 Iliade
1410 2664 1543 2711 opinor
1572 2664 1663 2699 scri-

930 2714 1069 2750 bebant
1103 2717 1212 2760 δαμνᾳ
1246 2729 1312 2763 pro
1346 2719 1527 2760 δάμνασαι,
1559 2722 1596 2752 et
1625 2729 1660 2751 ln

930 2773 1059 2803 nostro
1083 2768 1166 2803 loco
1186 2770 1352 2813 δάμναται
1372 2773 1420 2808 ὡς.
1481 2769 1664 2804 Poterant

931 2820 1058 2867 utique
1079 2820 1191 2856 etiam
1211 2824 1352 2865 δάμνα-ι’
1371 2824 1450 2862 ἐπεί,
1468 2822 1532 2857 sed
1553 2821 1664 2867 hujus

933 2869 1125 2920 scripturae
1164 2874 1305 2909 nullum
1344 2874 1382 2909 in
1417 2874 1488 2909 hoc
1522 2873 1663 2909 scholio

934 2926 1145 2974 vestigium.
1178 2925 1374 2962 BUTTM.

929 1763 1080 1795 δύνασαι.

930 2452 1110 2494 ὃαμνὶἰται.

1685 957 1728 980 10
