1956 3239
695 89 1109 133 APPENDIX.
1580 93 1664 136 793

201 203 300 258 655,
322 215 362 253 4.
387 203 537 243 ἐοίκασι
558 203 600 242 δὲ
622 200 678 256 οἱ]
704 203 880 242 ἐοίκασιν
901 204 938 242 οἱ
960 202 1012 254 Ω.

200 270 298 324 655,
322 280 389 311 22.
412 268 624 321 σπόριμον]
653 270 816 319 σπόριον
837 268 890 310 Q.

200 337 300 390 655,
325 347 390 389 25.
414 332 674 388 κατεχομένη]
699 334 969 388 κατεσχομένη
991 335 1053 375 ed.
1081 334 1251 376 Mediol.

201 404 297 458 656,
319 414 359 457 5.
384 404 421 443 οἳ
441 416 520 442 om.
545 401 598 443 Q.

201 470 298 518 662,
319 483 336 509 1
355 483 387 509 1.
410 469 585 519 Εὐμαίου
607 472 766 509 Buttm.
789 483 865 523 pro
889 469 1058 523 Εὐμαίῳ.

202 536 300 584 662,
324 537 385 577 16.
407 534 510 591 εἵην]
536 537 592 586 εἴη
615 535 664 587 Ω.

201 603 299 652 662,
319 612 381 654 17.
406 601 638 657 ἐπιτάσεως]
663 603 726 642 ἐπὶ
747 601 896 644 τάσεως
918 602 965 653 Ω.

201 672 297 721 662,
318 684 386 724 25.
417 671 513 726 γάρ]
550 671 599 711 In
631 671 690 712 H.
714 671 937 712 Cramerus
968 685 1057 711 esse
1088 671 1190 711 dicit
1212 674 1299 723 γὰρ,
1325 674 1430 712 ἀλλὰ
1451 673 1473 722 ἦ
1496 673 1581 712 ἀντὶ
1603 677 1669 712 τοῦ

143 737 230 790 γάρ.

201 806 297 859 663,
319 816 358 858 5.
383 809 451 845 τοῦ
471 805 614 846 addidi
636 819 686 845 ex
709 805 938 846 Eustathio
960 820 999 859 p.
1024 806 1148 859 1845,
1174 818 1235 845 12.

202 871 301 923 664,
323 885 362 924 9.
385 873 505 914 οὕτως
525 871 672 926 scripsi
693 886 769 926 pro
792 873 906 913 ὅπως.

201 939 298 991 665,
321 951 362 988 4.
386 943 550 990 προεῖπε
569 938 733 979 Buttm.
756 953 832 992 pro
853 943 1060 990 προσεῖπε.

201 1005 298 1059 665,
320 1017 360 1058 5.
392 1006 436 1045 οὐ
468 1006 608 1046 κωλύει
638 1005 798 1046 dictum
827 1020 904 1060 pro
926 1006 1040 1046 οὐδὲν
1073 1006 1235 1046 κωλύεις
1267 1005 1348 1045 vid.
1371 1006 1425 1047 ad
1449 1006 1667 1061 Aristoph.

144 1070 225 1111 Av.
247 1072 344 1126 463.

201 1140 298 1193 665,
319 1151 354 1191 7.
387 1140 649 1191 τριόφθαλμα.
683 1140 727 1180 τὸ
750 1141 939 1180 δὲ-ἆντὶ
961 1142 1028 1179 τοῦ
1048 1142 1146 1189 μετὰ
1168 1138 1274 1181 B.Q.
1308 1142 1570 1191 τριόφθαλμα,
1594 1142 1670 1191 τρί·

143 1222 275 1246 κοκκα.
297 1205 510 1261 μορόεντα]
534 1209 582 1246 τὰ
602 1208 701 1256 μετὰ
721 1207 774 1245 V.

202 1274 300 1327 665,
322 1285 386 1313 12.
409 1272 608 1328 διαφέρει]
633 1273 824 1325 διάφορον
848 1274 900 1313 V.

202 1340 300 1388 668,
322 1353 362 1391 4.
385 1339 499 1395 γύας]
524 1341 635 1391 γυίας
655 1339 764 1381 RQ.

202 1407 298 1459 669.
325 1419 364 1460 3.
386 1408 492 1456 ὑμῶν
512 1406 655 1461 scripsi
677 1420 753 1461 pro
774 1408 892 1458 ἡμῶν.

201 1472 298 1524 670,
319 1482 357 1525 7.
383 1471 433 1511 In
457 1472 511 1512 V.
535 1475 726 1524 φρόνιμος
747 1473 856 1525 γένῃ.

202 1541 302 1590 672,
324 1552 386 1578 11.
411 1538 481 1589 τὴν
502 1540 657 1589 ἡλικίαν
681 1540 739 1580 H.
781 1543 846 1590 τῆς
867 1541 1020 1590 ἡλικίας
1041 1540 1092 1579 Β.

203 1606 299 1657 674,
322 1617 384 1645 11.
418 1605 560 1660 δρυῶν]
595 1606 720 1647 Quod
750 1607 865 1660 apud
899 1606 1062 1647 Maium
1093 1606 1246 1661 legitur
1277 1610 1445 1658 ὃενδρῶν
1477 1608 1572 1660 (hoc
1602 1621 1670 1648 ac-

145 1673 288 1724 centu)
308 1671 487 1712 fortasse
509 1687 626 1713 error
648 1678 712 1714 est
733 1688 810 1728 pro
832 1678 966 1726 δρυῶν.

204 1740 299 1790 674.
328 1751 390 1779 12.
413 1740 464 1781 ὡς
484 1754 566 1779 om.
591 1740 648 1780 H.

205 1806 303 1858 676,
318 1818 356 1859 3.
380 1805 583 1862 ὀαριστής]
607 1808 787 1859 ὀαριστύς
809 1808 859 1847 Β.

205 1873 304 1925 678,
325 1886 365 1926 5.
388 1873 555 1928 ποδήρη]
580 1874 751 1925 ποδήρην
772 1874 822 1914 Β.

204 1940 300 1992 678,
323 1953 392 1993 31.
415 1940 606 1995 λυγαίως]
629 1941 781 1993 λυγέως
804 1941 854 1981 B.

204 2008 301 2061 679,
326 2007 392 2047 26.
429 2007 630 2061 φίλτερος]
662 2007 887 2060 φιλέταιρος
919 2008 967 2048 Β.
1003 2008 1112 2061 quod
1156 2008 1198 2047 in
1232 2008 1460 2060 φιλαίτερος
1492 2010 1672 2050 mut-avit

146 2072 446 2114 Buttmannus.
508 2075 705 2115 Debebat
736 2076 933 2127 φίλτερος,
957 2075 1069 2129 quod
1100 2080 1164 2115 est
1195 2075 1308 2129 apud
1339 2075 1536 2129 Apollon.
1571 2076 1674 2116 Lex.

63 2178 66 2179 γ
145 2153 178 2180 s.
201 2155 237 2181 v.
257 2142 416 2192 φιλίων,
440 2141 709 2196 Hesychium,
734 2142 936 2183 Eustath.
958 2157 997 2196 p.
1017 2143 1139 2195 1867,
1157 2153 1227 2195 37.
1249 2142 1448 2196 aliosque.

202 2208 299 2261 683,
326 2221 389 2261 19.
424 2210 465 2259 ἐξ
485 2209 530 2259 ἧς
552 2212 676 2259 Ζῆθος
697 2211 898 2262 γίγνονται
926 2210 987 2249 καὶ
1007 2208 1210 2264 Ἀμφίων]
1248 2210 1383 2250 Mirus
1411 2210 1454 2250 in
1482 2211 1672 2251 oratione

146 2287 273 2328 prosa
289 2288 388 2314 usus
405 2276 630 2317 schematis
649 2276 874 2326 Pindarici,
898 2277 977 2317 nisi
1000 2278 1205 2329 γίγνονται
1226 2283 1321 2331 post
1339 2276 1520 2329 Ἀμφίων
1537 2283 1673 2319 trans-

146 2341 398 2394 ponendum.

204 2407 302 2459 684,
327 2422 366 2462 9.
387 2411 439 2464 τῷ
460 2409 608 2464 scripsi
629 2424 706 2464 pro
728 2412 787 2450 τό.

205 2475 306 2527 684,
329 2489 393 2526 14.
416 2476 438 2526 ἢ
460 2490 543 2517 om.
567 2476 616 2516 B.

206 2542 302 2595 685,
324 2552 365 2596 5.
398 2544 746 2596 ἐλεφαντόχρωτες
776 2543 923 2598 scripsi
962 2557 1013 2584 ex
1038 2545 1267 2586 Eustat-hio
1289 2561 1327 2600 p.
1352 2547 1473 2599 1877,
1496 2549 1564 2597 46.
1598 2562 1673 2601 pro

151 2607 509 2658 ἐλεφαντοχρῶτες.

206 2673 302 2726 685,
322 2683 389 2725 27.
410 2674 749 2728 ἡγεμονικωτάτῳ]
780 2674 915 2715 Immo
937 2676 988 2729 τῷ
1012 2677 1342 2731 ἡγεμονικωτάτῳ.

206 2740 302 2793 685,
328 2740 394 2780 28.
427 2742 494 2780 δύο
515 2740 680 2780 addidit
703 2741 866 2781 Buttm.
894 2746 937 2782 et
965 2742 1123 2783 habent
1153 2743 1333 2784 fortasse
1367 2744 1552 2789 iss.H.Q.,
1577 2743 1673 2784 licet

150 2805 259 2846 desit
279 2805 320 2845 in
343 2807 406 2846 ed.
431 2806 601 2846 Mediol.

208 2873 306 2921 686,
329 2886 369 2926 3.
393 2874 570 2924 τρόπιὸος
593 2873 756 2914 Buttm.
781 2877 958 2925 τρίποδος
981 2875 1151 2918 B.H.Q.
