1956 3239
679 100 1099 141 APPENDIX.
1568 102 1647 143 771

185 211 286 264 328,
306 224 370 266 19.
393 212 600 265 διαφόρου]
628 215 837 264 διαφόρους
859 212 913 251 Τ.

186 279 286 330 328,
305 291 369 319 20.
393 279 709 332 σπουδαιότερος]
737 281 949 321 σπουδαῖος
971 278 1019 318 Τ.
1084 277 1133 318 In
1155 279 1455 330 σπουδαιότερος
1477 291 1648 318 consen-

128 343 184 384 tit
206 343 405 386 Eustath.
428 360 468 400 p.
489 355 611 398 1570,
630 355 700 399 35.

185 412 286 466 328,
307 423 371 452 21.
394 413 415 451 ὁ
435 411 597 453 addidit
620 427 672 453 ex
695 413 749 452 T.

186 491 284 532 329,
304 491 340 521 2.
364 479 498 534 φλιᾶς]
521 483 663 531 φλοιᾶς
685 479 736 520 Ε.

184 557 284 600 329,
299 560 339 598 4.
362 545 459 600 ἀπὸ]
484 548 503 586 ὁ
525 548 680 599 θριγκὸς
701 547 778 587 ἀπὸ
801 547 903 599 B.Q.

184 612 287 666 θρὶξ]
311 613 389 665 τρὶξ
412 614 468 653 Τ.

183 691 281 733 329,
298 693 340 734 5.
363 681 539 737 θριγκὸς]
565 683 625 723 καὶ
647 684 802 734 θριγκός
824 683 879 722 Τ.

182 757 280 800 329,
301 759 337 798 7.
361 746 524 799 στέγους
545 748 678 800 ὥσπερ
701 748 837 801 ἐξέχον
857 747 977 802 τάξει]
1001 748 1165 801 στέγους
1185 748 1293 798 τάξιν
1315 748 1397 802 ἔχει
1418 747 1519 799 B.Q.

182 825 281 867 329,
303 826 367 854 21.
388 814 542 870 τοίχου]
566 816 721 868 τοίχους
746 815 839 866 (sie)
863 815 926 856 ed.
952 815 1072 856 Maii.

182 893 283 934 330,
304 893 369 923 22.
394 882 666 937 ἀλετρεύουσι]
693 884 969 935 ἀλιτρεύουσαι
992 883 1038 922 Ρ.

183 960 281 1001 330,
302 959 366 1003 29.
393 949 426 989 εἷ
447 948 490 989 δέ
511 949 583 1004 τῳ]
606 949 738 990 εἶδέτω
756 949 805 1001 Q.

182 1015 432 1068 331,12.οὐ
453 1029 533 1056 om.
554 1016 602 1067 Q.

183 1094 283 1135 331,
304 1094 367 1132 14.
390 1083 582 1138 ἀλοῦμεν]
607 1084 808 1133 ἀλούμεθα
830 1083 878 1134 Q.

181 1161 281 1202 331,
302 1150 368 1189 16.
393 1150 530 1203 οὕτως]
559 1151 670 1192 οὗτος
687 1151 743 1190 Τ.

182 1229 282 1270 331,
300 1229 364 1268 17.
386 1218 428 1257 δὲ
449 1217 690 1269 πεντήκοντα
711 1231 792 1258 0111.
811 1217 859 1259 T.
882 1217 924 1257 in
945 1217 1107 1258 lacuna.

182 1283 241 1337 δὲ]
263 1282 307 1323 τέ
327 1283 425 1337 (sio)
450 1283 501 1335 Q.

182 1363 280 1404 331,
305 1362 370 1391 22.
394 1350 669 1407 ἀλετρεύουσι]
693 1352 976 1403 ἀλετρεύουσαι
998 1350 1049 1391 Ε.

181 1429 279 1472 332,
298 1431 337 1469 4.
360 1417 502 1473 ἄωτος]
527 1419 652 1459 ἄωτον
674 1417 926 1459 Buttmanni
947 1417 1090 1466 editio,
1112 1417 1292 1458 fort-asse
1315 1432 1366 1458 ex
1387 1417 1435 1458 P.

182 1496 280 1538 332,
302 1498 363 1524 ΙΙ.
390 1485 553 1539 καρπόν]
578 1488 725 1537 καρποῦ
746 1485 796 1525 Ε.

183 1563 281 1605 332,
298 1564 361 1591 20.
384 1553 703 1605 περιειλούμενα]
728 1552 873 1592 Scribe
890 1554 936 1592 τὰ
952 1552 1251 1604 περιειλούμενα
1270 1564 1322 1590 ex
1344 1549 1502 1590 scholio
1524 1564 1650 1604 supra

125 1618 167 1658 in
189 1618 405 1659 Addendis
426 1618 480 1658 ad
501 1633 542 1672 p.
566 1619 658 1671 185,
684 1631 750 1659 21.
774 1618 982 1673 apposita

182 1698 280 1739 333,
301 1698 339 1726 2.
363 1685 474 1740 κατὰ]
500 1686 561 1726 καὶ
584 1687 678 1725 κατὰ
700 1686 754 1725 Τ.

182 1765 280 1806 333,
299 1765 339 1806 3.
364 1752 471 1792 Post
492 1755 607 1803 δηλοῖ
626 1752 676 1792 Τ.
700 1753 851 1807 pergit,
875 1752 1114 1804 εὖκράδαντα
1135 1755 1210 1805 γὰρ
1233 1752 1445 1792 τὰ-ὄντα,
1492 1751 1515 1801 ἡ
1538 1750 1650 1791 εἰκὼν

125 1821 196 1861 οὖν
226 1820 322 1872 πρὸς
351 1820 396 1860 τὸ
429 1822 594 1873 συνεχὲς
623 1823 688 1870 τῆς
720 1822 905 1873 ἐργασίας
921 1836 989 1861 :—-
1050 1820 1110 1861 Et.
1138 1821 1196 1860 sio
1226 1820 1269 1860 in
1294 1821 1343 1860 P.
1366 1833 1530 1874 quoque
1561 1833 1651 1859 esso

126 1886 306 1935 videtur,
329 1886 372 1926 in
393 1900 476 1940 quo
497 1891 662 1940 partem
683 1887 807 1940 hujus
828 1886 971 1927 scholii
992 1886 1073 1941 legi
1095 1887 1316 1927 annotavit
1337 1886 1635 1926 Buttmannus.

182 1966 281 2007 333,
301 1967 314 1993 1
328 1967 364 1993 Ι.
387 1955 483 1994 κατὰ
504 1954 706 2006 συγκοπὴν
726 1958 823 2008 post
846 1958 1065 2006 καιροῦ-σῶν
1086 1953 1136 1994 Β.

182 2034 283 2076 333,
302 2032 365 2075 15.
386 2022 509 2071 μίτος,
532 2020 576 2061 δι’
595 2021 658 2075 οὗ]
686 2022 793 2072 μιτὸς
815 2021 979 2062 ἑκάστου
1001 2020 1046 2062 δι’
1065 2021 1108 2061 οὗ
1133 2020 1229 2073 (Sic)
1254 2021 1308 2059 T.

182 2101 280 2142 334,
297 2100 338 2141 5.
360 2088 412 2143 τῷ
434 2093 477 2128 et
498 2090 604 2140 παρὰ
625 2103 705 2129 om.
729 2088 834 2140 E.Q.

183 2156 299 2209 ὑπὲρ]
329 2157 371 2196 ἐκ
393 2155 498 2206 ΕΗΩ
545 2156 657 2209 quod
679 2156 795 2196 ἕνεκα
815 2170 904 2197 esse
925 2160 1078 2210 potest.

184 2235 285 2277 334,
304 2232 344 2276 7.
378 2222 573 2263 Scholion
603 2224 657 2264 ad
685 2238 722 2264 v.
745 2233 836 2276 107.
868 2223 1131 2264 referendum
1161 2222 1291 2263 habet
1313 2222 1361 2263 T.
1386 2221 1427 2262 in
1464 2221 1651 2277 margine

127 2289 297 2343 quidem
327 2293 486 2340 textus,
520 2290 592 2331 sed
623 2295 720 2345 post
751 2291 936 2332 scholion
965 2290 1020 2331 ad
1050 2293 1086 2339 0,
1107 2291 1204 2344 369,
1228 2304 1266 2344 p.
1287 2303 1377 2343 119.
1405 2290 1578 2341 καίρωμα
1607 2288 1650 2328 τὸ

126 2357 278 2408 μίτωμα
299 2358 363 2398 καὶ
385 2359 618 2409 καῖρος...τὸ
641 2358 864 2411 διάπλεγμα
885 2359 905 2399 ὃ
928 2359 995 2400 οὐκ
1018 2359 1063 2412 ἐᾷ
1081 2358 1168 2401 τοὺς
1184 2357 1378 2409 στήμονας
1400 2361 1649 2411 συγχεῖσθαι,

128 2425 169 2473 ἐξ
191 2424 235 2463 οὗ
258 2424 319 2464 καὶ
341 2425 612 2476 καιρωστρίδες
634 2429 815 2477 γυναῖκες
837 2427 876 2466 αἱ
897 2425 1107 2477 ὑφάντριαι
1122 2441 1190 2465 :—
1231 2430 1274 2466 et
1294 2439 1392 2465 mox
1413 2425 1468 2466 ad
1485 2426 1650 2478 ὄρχατος

128 2504 166 2529 V.
192 2502 285 2530 112.
317 2494 413 2544 post
444 2490 630 2531 Scholion
660 2491 715 2531 ad
743 2495 780 2540 θ,
803 2504 901 2545 393,
923 2506 963 2545 p.
983 2504 1075 2531 120.
1101 2493 1290 2545 ὅρχατοςῑ
1323 2491 1501 2532 τουτέστι
1533 2495 1650 2542 κῆπος

129 2555 232 2608 ἔχων
253 2556 394 2608 δένδρα
425 2559 521 2597 κατὰ
545 2559 710 2608 φυτείαν
734 2558 911 2608 ἀμπέλου
934 2559 1135 2611 ε’πίστιχος
1151 2573 1220 2597 :—
1279 2558 1396 2600 Conf.
1420 2558 1560 2613 Etym.
1585 2558 1646 2599 M.

131 2637 172 2676 P·
192 2624 288 2676 634,
304 2623 372 2676 38·

184 2691 284 2745 336,
305 2703 342 2730 Ι.
364 2689 573 2746 πρόσεστι]
599 2692 683 2731 ἐστι
706 2692 759 2731 Τ.

185 2757 286 2811 336,
306 2757 343 2797 8.
369 2757 475 2798 Post
496 2758 817 2810 ἐντυγχανόντων
832 2759 886 2798 Τ.
909 2759 1058 2814 pergit,
1077 2759 1648 2813 xdxmorovgc'zbadAen—ffovza—

129 2824 235 2863 ἀλλὰ
255 2821 347 2874 μάλ’
367 2825 443 2864 αἰεὶ
463 2825 622 2876 ζεφυρίη
643 2826 853 2864 πνείουσα;
889 2827 1016 2866 λείπει
1037 2828 1194 2878 ζεφυρίη
1217 2825 1324 2878 αὖρα,
1347 2825 1393 2866 ἵν’
1412 2824 1434 2875 ᾗ
1455 2826 1646 2875 πολύκαρ-

127 2906 211 2932 πος.
268 2890 377 2939 ἀλωὴ
399 2892 592 2942 ἐρρίζωται
615 2891 699 2930 ἀντὶ
720 2895 786 2931 τοῦ
807 2893 1054 2943 πεφύτευται.

847 2971 918 3011 3Ε
