1956 3239
311 97 395 140 774
861 102 1281 144 APPENDIX.

366 220 463 262 351,
485 221 549 250 20.
571 211 758 266 παλαιὸν]
784 217 962 254 παλαιῶν
979 214 1027 265 Q.

366 289 390 330 3
395 287 464 330 52,
481 289 521 330 3.
544 277 716 332 θελήσῃς
737 279 900 319 correxi
921 294 997 334 pro
1020 280 1213 331 θελήσεις.

366 356 464 397 352,
484 358 522 398 9.
545 345 622 399 ἐπὶ]
644 345 719 386 ὑπὸ
742 347 796 386 Τ.
1031 360 1128 402 352,
1148 360 1210 387 11.
1235 345 1389 400 ἕνεκεν]
1414 346 1530 386 ἕνεκα
1552 347 1607 385 Τ.

365 421 462 465 353,
481 425 497 451 J
511 425 545 452 Ι.
569 413 734 465 ἤλκησε]
762 415 920 454 εἵλκυσε
943 415 996 454 Τ.

364 490 464 530 354,
483 491 545 532 13.
570 479 841 531 ἀναρριπτεῖνε
873 481 1087 530 ἀνακινεῖν,
1110 481 1338 532 ἀνακρούειν
1353 495 1420 520 2-
1443 481 1498 519 T.

365 546 462 598 356,
483 557 521 586 2.
542 546 648 596 τρίτη
671 547 734 586 καὶ
756 547 927 598 εἰκοστὴ]
953 548 1108 597 εἰκοστὴ
1132 547 1193 587 καὶ
1213 549 1319 599 τρίτη
1343 547 1392 598 Q.

366 623 462 664 357,
483 625 497 651 1
512 626 544 652 J.
567 614 791 667 πορεύηται]
812 615 1017 665 πορεύεται
1039 614 1086 653 Β.

363 690 460 732 357,
480 680 543 720 18.
569 681 774 734 διαπρεπῆ]
797 680 999 732 διαπρέπει
1021 682 1075 720 T.

362 757 460 800 357,
480 760 542 799 19.
565 747 659 798 πρὸς
679 747 749 787 τὸν
770 747 900 801 ξένον]
922 747 1018 799 πρὸς
1038 762 1117 787 om.
1139 749 1192 788 T.

363 824 460 867 357,
483 825 546 855 22.
581 814 687 855 Post
712 818 865 855 σιωπᾶν
883 816 938 854 T.
967 815 1123 870 pergit,
1145 817 1350 867 γινόμενος
1381 816 1482 870 αὐτῷ
1514 816 1584 866 τὴν
1616 814 1830 867 ἐκπομπήν.

306 880 348 920 τὸ
370 882 411 920 δὲ
433 882 576 931 ξείνοιο
599 883 755 923 εἰκότως
775 887 855 923 etc.
881 882 1082 937 (lin.17.).

362 962 459 1003 359,
479 963 516 1001 9.
541 951 770 1002 χαρίζεσθαι
792 950 1015 992 Pl‘cllerus.
1063 952 1297 1004 χωρίζεσθαι
1319 952 1374 990 Τ.

360 1029 462 1070 359,
482 1028 542 1071 15.
566 1021 690 1058 λῦσεν
711 1017 873 1058 correxi
894 1032 972 1072 pro
991 1018 1133 1058 λύσαν.

362 1098 459 1139 359,
477 1098 544 1138 30.
567 1086 771 1137 βούλεται]
801 1087 994 1136 ἐβούλετο
1016 1085 1066 1125 Ε.

362 1154 457 1206 360,
478 1164 514 1204 7.
540 1153 703 1208 τροπὸς]
727 1155 867 1205 τρόπος
888 1153 991 1204 B.Q.

362 1222 458 1273 360,
480 1233 542 1272 19.
566 1222 607 1260 δὲ
628 1220 686 1274 τὸ]
710 1222 751 1260 δὲ
773 1223 848 1273 γὰρ
872 1220 921 1271 Q.

357 1287 457 1338 361,
476 1296 513 1338 7.
546 1285 652 1326 Post
683 1287 994 1339 ἀγανακτήσασα
1021 1286 1062 1326 in
1086 1287 1132 1327 T.
1156 1290 1221 1327 est
1254 1304 1300 1326 κα
1328 1286 1390 1326 vel
1423 1286 1484 1326 καὶ
1516 1284 1666 1339 quibus
1696 1284 1830 1325 literis

304 1353 488 1393 scholion
509 1354 655 1395 finitur
674 1355 717 1394 in
738 1355 820 1395 fine
842 1355 1004 1409 paginae
1026 1355 1118 1395 108.

359 1423 456 1473 361,
480 1435 541 1460 11.
568 1422 704 1475 μέσσῳ
727 1424 989 1472 δαιτυμόνωνι
1022 1425 1194 1463 πιθανῶς
1218 1422 1283 1461 ἵνα
1311 1420 1455 1462 πάντες
1483 1421 1614 1470 ἐξίσου
1642 1423 1829 1460 ποιῶνται

302 1487 372 1537 τὴν
394 1489 583 1539 ἀκρόασιν
598 1505 667 1528 :—
691 1490 745 1528 T.
773 1491 889 1540 (autc
911 1489 1096 1529 scholion
1119 1503 1262 1530 versus
1285 1489 1383 1542 643.)

358 1556 456 1608 362‚
475 1556 540 1597 26.
564 1555 767 1610 ἀνδρείαν]
793 1557 955 1608 ἀνδρίαν
977 1556 1083 1597 Β.Ε.

358 1625 457 1676 363,
476 1636 516 1671 4.
540 1624 680 1675 Πυθὼ]
706 1627 823 1664 πυθοῖ
843 1623 956 1664 Ε.Η.

359 1690 542 1743 Δελφοί]
569 1693 730 1741 δελφῶν
752 1690 802 1731 Ε.
854 1693 994 1743 δελφίς
1016 1691 1064 1742 Q.

357 1758 458 1810 363,
476 1769 516 1810 5.
542 1756 682 1810 Πυθὼ]
706 1761 825 1799 πυθοῖ
845 1757 893 1797 Ε.

359 1826 458 1877 364,
481 1838 518 1877 9.
542 1825 585 1864 in
605 1829 751 1865 annot.
772 1840 849 1879 pro
873 1831 896 1848 “
912 1843 946 1872 ν,
966 1824 1056 1879 67.”
1080 1825 1243 1880 corrige
1267 1830 1290 1847 “
1307 1840 1344 1865 v.
1364 1824 1455 1878 67.’'

356 1893 454 1944 364,
476 1903 540 1945 23.
564 1892 788 1946 ἀροτριάσει
809 1893 1109 1933 Buttmannus.
1157 1893 1385 1944 ἀροτριώσει
1406 1892 1454 1932 Β.

357 1959 455 2012 365,
477 1971 539 1998 21.
564 1960 701 2009 ἠθικῶς
723 1960 814 2012 ἄρα]
846 1959 1063 2000 Particula
1089 1960 1164 2011 ἄρα
1195 1959 1348 1999 indicio
1376 1964 1440 2000 est
1471 1959 1675 2000 excidisse
1705 1960 1827 2014 plura,

300 2040 393 2079 quae
414 2032 731 2079 praecesserunt.
787 2027 908 2078 Quod
930 2042 1010 2067 non
1034 2026 1333 2068 animadvertit.
1353 2026 1561 2075 librarius,
1585 2027 1655 2080 qui
1675 2027 1827 2068 lemma

300 2093 365 2133 his
385 2093 522 2134 verbis
548 2093 730 2148 praefixit
753 2097 862 2134 δεῦτε
884 2095 995 2146 φίλοι
1016 2094 1083 2134 τὸν
1105 2093 1235 2144 ξεῖνον
1258 2094 1433 2145 ἐρώμεθα
1461 2094 1549 2133 sine
1575 2094 1738 2134 lacunae
1764 2094 1825 2134 in-

305 2160 423 2200 dicio.
489 2160 655 2201 Omissa
681 2166 823 2201 autem
849 2162 918 2201 illa
946 2161 1137 2201 incidunt
1157 2161 1199 2200 in
1219 2161 1412 2201 lacunam
1439 2161 1691 2201 scholiorum
1713 2161 1824 2202 codi-

302 2228 361 2267 cis
385 2228 432 2268 T.
456 2244 547 2281 quae
565 2228 712 2282 incipit
735 2234 830 2282 post
853 2229 1095 2281 ἀγαπήσασα
1116 2244 1155 2282 p.
1176 2231 1276 2282 361,
1298 2240 1334 2281 7.

356 2297 453 2347 365,
476 2308 543 2334 22.
569 2299 708 2346 πειρᾶν
729 2295 937 2335 Prellerus
958 2310 1034 2349 pro
1057 2299 1208 2346 πεῖραν.

356 2363 452 2414 367,
474 2375 507 2401 Ι.
533 2363 677 2402 ἄλλως.
725 2363 1032 2411 ἐπιμελούμενος
1058 2366 1133 2401 τῶν
1159 2362 1328 2413 φόρτων,
1360 2360 1382 2411 ἢ
1413 2364 1666 2412 μνημονεύων
1697 2365 1824 2404 πόσου

298 2429 345 2479 ἦν
365 2428 463 2468 τοῦτ’
484 2430 650 2468 ἕκαστον
668 2430 790 2478 ἄξιον,
811 2429 852 2470 ὃς
874 2430 936 2468 καὶ
956 2430 1201 2481 γραμματεὺς
1224 2432 1411 2469 καλεῖται.
1453 2430 1475 2479 ἡ
1498 2431 1538 2469 δὲ
1560 2433 1698 2482 χρῆσις
1718 2433 1823 2482 παρὰ

299 2501 380 2537 τοῖς
400 2500 567 2536 πολλοῖς
597 2496 679 2548 ἔχει
700 2496 769 2535 τὸν
797 2496 1024 2547 γραμματέα
1054 2497 1114 2536 καὶ
1135 2496 1203 2536 τὸν
1226 2496 1461 2547 ἐπιμελητὴν
1486 2497 1664 2547 μνήμονα
1691 2501 1821 2538 καλεῖ-

301 2566 394 2602 σθαι
410 2579 476 2602 ;-
503 2562 553 2601 Ε.

355 2631 452 2684 367,
472 2632 508 2669 6.
533 2630 768 2680 ἁρπακτικὸν
789 2631 852 2682 ἄν]
879 2632 1118 2681 ἀρπακτικῶς
1140 2633 1223 2672 ἄδει
1249 2631 1338 2684 (Sic)
1361 2632 1414 2671 T.

355 2699 452 2751 367,
475 2698 535 2736 16.
559 2697 662 2751 ἔθος]
688 2699 811 2748 δόγμα
833 2698 887 2737 Τ.

356 2767 452 2816 367,
475 2776 534 2815 17.
559 2764 621 2802 καὶ
643 2763 726 2816 τὸν]
752 2764 813 2803 καὶ
834 2778 916 2804 om.
936 2766 988 2804 T.

359 2829 682 2882 ἐντυγχάνοντος]
709 2830 972 2881 τυγχάνοντος
996 2832 1049 2870 T.

357 2898 451 2949 367,
476 2900 535 2935 18.
562 2897 648 2947 περὶ
673 2900 737 2936 τοῦ
758 2898 995 2949 Τηλεμάχου
1019 2912 1099 2938 0111.
1123 2899 1174 2938 T.
