1956 3239
278 75 362 117 786
833 76 1240 118 APPENDIX.

334 196 433 240 519,
454 196 520 239 25.
541 187 630 238 περὶ
651 187 746 240 τῶν]
774 188 860 239 περὶ
882 190 950 227 τοῦ
972 187 1020 240 Q.

335 262 432 306 520,
454 265 519 294 20.
551 271 593 294 κε
620 254 783 295 correxi
808 269 884 309 pro
907 255 960 295 δέ.
1025 254 1176 294 Monet
1206 253 1285 294 hoc
1314 253 1553 300 scholiasta,
1577 267 1630 294 ne
1651 252 1743 308 quis
1765 253 1801 307 χ’

278 334 355 374 pro
378 321 443 360 καί
460 320 562 361 eliso
582 321 775 376 accipiat.

334 399 432 440 520,
453 400 517 431 22.
542 389 763 444 νοθεύεται]
785 389 1016 443 Exspectes
1037 388 1177 443 potius
1201 390 1439 435 νοθεύονται,
1460 401 1588 442 quum
1609 389 1720 430 ὄντες
1741 402 1803 429 se-

278 458 446 507 quatur.

333 535 434 574 521,
454 536 492 576 3.
517 524 581 563 ἵνα
603 525 804 578 συνοφθῇ]
825 524 889 564 ἵνα
910 525 951 564 δὲ
969 524 1150 579 συνοφθῇ
1168 523 1216 563 Τ.
1260 524 1324 564 ἵνα
1341 524 1403 564 καὶ
1421 525 1524 578 ὀφθῇ
1547 523 1674 578 (ὠφθῇ
1691 522 1803 577 apud

276 589 459 643 Maium)
488 590 600 642 H.Q.

332 669 432 709 521,
449 670 487 707 4.
511 657 585 697 σὺν
606 658 652 697 Τ.
699 659 741 698 ἐν
762 661 843 700 τοῖς
866 657 978 709 ΗΗΩ

327 734 425 777 521,
445 738 482 777 9.
506 726 553 764 τὰ
575 726 672 764 κατὰ
686 723 862 777 Ὠρίωνα
884 726 926 765 ἐν
964 725 1020 765 Η.
1039 725 1107 765 τὸν
1129 726 1172 764 δὲ
1192 724 1273 776 μετ’
1292 725 1442 777 ὠρίωνα
1460 724 1569 777 (haeo
1592 729 1690 765 sunt
1711 728 1802 765 tex-

275 796 346 832 tus
367 792 510 845 verba)
538 793 580 832 ἐν
599 793 653 831 Τ.

332 872 430 912 521,
456 871 513 899 12.
536 863 615 901 πῶς
637 858 723 911 οὖν]
745 863 825 901 πῶς
845 862 882 901 οἱ
897 860 962 909 Τ.,
979 858 1049 913 qui
1071 859 1149 900 hoe
1171 859 1355 900 scholion
1375 863 1473 913 post
1494 859 1563 899 lin.
1589 872 1651 912 15.
1674 859 1804 900 habet

275 926 364 966 sine
386 926 596 967 lemmate.

333 997 469 1036 παῖδες
483 993 661 1045 Ἀλωῆος
682 1009 762 1034 0111.
788 995 842 1034 T.

331 1074 430 1114 521,
454 1074 516 1115 13.
538 1060 561 1112 ἢ
582 1061 676 1116 πῶς]
701 1063 762 1102 καὶ
783 1065 861 1104 πῶς
884 1063 938 1102 Τ.

331 1142 432 1183 521,
452 1142 516 1180 14.
539 1130 626 1172 τοὺς
647 1129 931 1181 ε’ν-πράττειν
952 1130 1015 1170 οἵα
1037 1130 1114 1184 καὶ]
1143 1130 1204 1170 καὶ
1228 1131 1482 1181 ἐν--πρῶτον
1504 1130 1567 1170 καὶ
1587 1129 1633 1169 Τ.

332 1205 430 1250 521,
458 1210 516 1250 19.
541 1198 696 1249 πλέθρα
717 1211 798 1237 om.
824 1197 871 1249 Q.

332 1263 527 1318 πλέθρον]
551 1264 746 1316 πέλεθρον
765 1264 814 1315 Q.

334 1331 418 1370 ἐστὶ
439 1330 483 1370 τὸ
505 1331 618 1371 ἕκτον
637 1331 754 1382 μέρος
774 1335 841 1371 τοῦ
864 1348 925 1371 στ.
945 1331 995 1382 Ω.
1039 1332 1062 1371 ὅ
1084 1332 1193 1371 ἐστιν
1215 1330 1327 1371 ἕκτον
1345 1331 1460 1383 μέρος
1482 1348 1542 1372 στ.
1559 1331 1616 1371 V.
1679 1330 1731 1371 In
1753 1331 1801 1372 B.

274 1397 354 1438 hoc
375 1398 561 1438 scholion
583 1403 661 1450 est,
684 1400 805 1439 τόσον
826 1399 874 1450 ἦν
894 1399 1016 1451 μέγας
1040 1400 1089 1441 ὡς
1111 1402 1265 1451 κρατεῖν
1283 1398 1397 1439 ἐννέα
1417 1398 1591 1451 πέλεθρα
1613 1398 1801 1451 κείμενος,

273 1465 398 1517 μέτρα
414 1467 501 1505 τινὰ
523 1469 606 1518 γῆς.

331 1542 385 1586 52
400 1546 429 1581 ι,
455 1544 520 1583 24.
545 1534 591 1582 εἰ,
614 1532 814 1573 omissum
835 1533 877 1573 in
900 1533 963 1585 Q„
985 1532 1127 1574 addidi
1149 1547 1200 1573 ex
1223 1533 1271 1573 T.

332 1608 431 1651 521,
452 1608 517 1651 25.
540 1598 707 1648 ἠδύνατο
731 1598 779 1638 Τ.
832 1599 994 1638 ἐδύνατο
1017 1598 1066 1650 Ω.

332 1665 395 1705 ἐπὶ
419 1664 466 1704 Τ.
512 1667 567 1706 εἷς
589 1665 638 1716 Q.

331 1744 431 1785 522,
453 1743 489 1785 7.
513 1731 736 1772 ἀναπνείων
759 1732 816 1771 Η.
861 1732 1066 1773 ἀναπνέων
1089 1733 1139 1784 Q.

331 1807 429 1851 522,
450 1810 514 1851 27.
540 1797 735 1838 ἐκδέδοται
755 1798 918 1839 correxi
943 1813 1020 1853 pro
1043 1799 1243 1839 ἐκδέὸοτο;
1277 1798 1356 1839 nisi
1377 1798 1456 1839 hoe
1479 1797 1680 1849 ἐξεδέδοτο
1703 1797 1802 1838 sori-

277 1866 473 1907 bendum.

330 1946 428 1987 523,
450 1946 485 1975 2.
516 1935 762 1974 ε’ν-Τιτυόν
783 1934 889 1986 B.Q.
933 1934 977 1974 τὸ
1007 1937 1101 1975 κατὰ
1129 1935 1257 1976 τιτυόν
1286 1936 1329 1975 ἐν
1356 1935 1513 1990 πανόπῃ
1540 1936 1606 1985 τῆς
1634 1934 1802 1986 φωκίδος

275 2001 392 2041 πόλει
415 2002 470 2040 Τ.

330 2079 428 2123 523,
449 2078 514 2122 25.
539 2071 586 2109 τὰ
608 2071 748 2121 δένδρα
771 2069 828 2110 Η.
873 2072 919 2110 τὰ
942 2070 1078 2122 δένδρη
1099 2071 1153 2110 Τ.

331 2148 429 2188 524,
451 2149 513 2175 11.
536 2137 717 2176 ἆνεκύλιε
742 2138 796 2176 Τ.
842 2138 970 2177 ἐκύλιε
994 2137 1042 2189 Ω.

332 2212 432 2255 524,
456 2215 516 2242 12.
540 2202 598 2256 τε]
622 2205 662 2242 δὲ
687 2203 742 2242 Τ.

331 2270 352 2306 ὁ
376 2267 570 2308 ε’νἸλιάὸι
591 2268 720 2308 habet
744 2269 815 2318 T.‚
839 2283 920 2308 om.
945 2269 993 2320 Q.

331 2346 430 2390 524,
452 2349 514 2385 14.
537 2337 795 2389 ἀντιβαίνων]
826 2336 1052 2387 ἀναβαίνων
1075 2338 1126 2376 Τ.

332 2414 428 2456 524,
450 2415 515 2456 23.
539 2408 637 2453 φησι
659 2417 738 2442 om.
761 2404 817 2442 T.

331 2482 428 2525 524,
450 2482 514 2524 27.
538 2470 741 2524 ἀποτελεῖ]
766 2472 941 2511 ἐπιτελεῖ
955 2472 1009 2512 Τ.

330 2547 428 2592 525,
450 2551 510 2577 10.
534 2539 553 2576 ὁ
576 2552 657 2578 om.
677 2539 729 2577 T.

330 2617 428 2659 525,
451 2617 459 2644 1
477 2618 512 2644 1.
529 2604 681 2655 “Ἀιδην·
714 2606 865 2657 τρώσας
886 2608 928 2646 δὲ
949 2606 1018 2647 τὸν
1029 2605 1170 2657 εἈιδην
1193 2608 1255 2648 καὶ
1275 2607 1363 2649 τοὺς
1384 2622 1467 2649 om.
1487 2609 1543 2648 T.

331 2684 430 2725 525,
450 2684 512 2712 12.
537 2672 711 2725 νεκροὺς]
742 2674 880 2724 νεκρὸν
899 2675 952 2713 Τ.

331 2742 428 2793 526,
450 2741 487 2779 6.
510 2739 654 2782 παντὸς
675 2740 839 2780 Buttm.
862 2755 937 2794 pro
959 2741 1122 2784 πάντως.

334 2816 432 2860 527,
456 2818 491 2858 7.
516 2806 674 2860 Αἴθρας]
697 2808 844 2850 αἶθείας
866 2808 916 2858 Q.

331 2887 429 2928 530,
453 2886 513 2928 ¹7·
539 2876 953 2930 ἀλγήσητε-ἀπειρία
975 2890 1056 2916 0111.
1077 2878 1131 2916 Τ.
