1956 3239
288 79 371 121 790
846 78 1269 120 APPENDIX.

286 193 509 241 μνηστῆρας
543 191 718 232 ἅπαντας
748 194 974 232 τεθνεῶτας.
1030 193 1199 244 ἀγωνίας
1232 191 1261 232 δ’
1292 191 1340 232 ἂν
1373 192 1410 231 οῖ
1445 192 1519 241 μὲν
1552 192 1819 241 πολεμοῦντες

285 258 460 308 μείζονες
491 259 761 308 ἐπλήσθησαν,
793 258 837 308 ἧς
870 258 929 298 καὶ
962 259 1183 298 ἐσπούδασε
1215 258 1302 299 τοὺς
1333 256 1547 309 φιλτάτους
1577 255 1817 306 ἀπαλλάξαι.

288 325 349 364 καὶ
384 327 612 365 καθεύδουσι
642 329 799 375 μᾶλλον
831 326 892 365 καὶ
920 325 991 375 τὴν
1021 327 1063 365 ἐκ
1093 329 1161 365 τοῦ
1191 327 1313 366 ὕπνου
1347 325 1483 378 ἔχουσι
1514 324 1657 376 τέρψιν
1682 322 1706 374 ἢ
1731 323 1820 375 περὶ

286 395 334 433 τὰ
357 393 452 445 ἔργα
474 392 787 446 ἀσχολουμένοις
808 395 993 446 ἐξαίφνης
1015 397 1199 444 δηλῶσαι.
1233 395 1440 434 ἀκίνδυνον
1456 393 1499 433 τὸ
1518 393 1714 446 εὐτύχημα
1734 391 1757 442 ἢ
1774 392 1818 432 τὸ

288 460 538 512 εὐφρόσυνον
564 461 608 500 τὸ
635 462 677 501 ἐκ
704 463 771 511 τῆς
801 463 1017 512 παρουσίας
1048 463 1111 501 διὰ
1141 461 1211 501 τὸν
1243 462 1376 511 φόβον
1405 460 1629 501 ἀπολέσθαι
1656 462 1722 510 τῆς
1749 462 1819 500 τοῦ

287 528 464 577 πολέμου
495 528 708 578 ἐκβάσεως.
753 528 866 577 ἀρκεῖ
889 529 962 579 γὰρ
989 528 1117 569 αὐτοῖς
1143 530 1240 578 μετὰ
1263 528 1334 578 τὴν
1360 527 1708 579 μνηστηροφονίαν
1731 526 1820 577 περὶ

288 597 355 633 τοῦ
385 598 588 635 πολιτικοῦ
617 596 848 646 μεριμνῆσαι
879 594 1055 644 πολέμου
1084 595 1157 647 οὐχ
1181 596 1300 636 οὕτως
1330 593 1443 636 ὄντος
1475 595 1731 644 ἐκπληκτικοΰ
1757 595 1820 633 διὰ

288 660 360 710 τὴν
392 665 467 701 τῶν
496 661 729 712 μνηστήρων
759 663 943 713 λαμπρὰν
974 662 1189 710 ἀποβᾶσαν
1221 663 1346 712 νίκην,
1378 661 1401 711 ἢ
1432 666 1516 703 ταῖς
1551 662 1710 701 ἐλπίσιν
1740 661 1819 711 ἑξε-

290 729 448 778 κρούετο
470 730 576 779 παρὰ
601 729 704 781 (περὶ
727 727 795 780 Ν.)
821 731 898 767 τῶν
920 728 997 768 ἀπὸ
1018 732 1086 768 τοῦ
1108 729 1247 771 ἄστεος
1269 727 1591 779 ἐπανισταμένων
1606 743 1675 768 2-—

346 794 443 847 558,
469 806 534 846 27.
559 796 681 835 κόπον
702 795 756 835 H.
807 795 958 835 σκοπόν
981 795 1028 846 Q.

346 872 444 915 559,
467 873 528 902 12.
555 861 814 902 ἀνελλιπέσιν
836 861 983 916 scripsi
1005 876 1081 916 pro
1104 863 1408 903 ἀνελλίπεσσιν.

346 942 443 983 559,
469 929 534 970 28.
559 928 708 979 ἔπεμπε
729 930 932 982 γυναῖκας]
959 929 1108 979 ἔπεμπε
1130 928 1289 969 νέεσθαι
1310 929 1370 970 Η.
1392 929 1434 969 in
1456 933 1590 970 textu.

346 998 444 1050 560,
466 1008 502 1049 7.
527 995 663 1047 ἀμέλει
684 997 720 1036 οῖ
742 995 800 1050 δὲ]
822 997 860 1036 οἱ
879 996 1059 1037 fortasse
1081 996 1317 1036 delendum.

346 1064 443 1116 561,
463 1077 528 1117 19.
551 1063 841 1115 Κεφαλληνίαν
862 1063 1008 1117 scripsi
1030 1078 1107 1118 pro
1132 1065 1404 1116 Κεφαληνίαν.

347 1131 448 1184 562,
465 1132 505 1171 6.
527 1133 672 1182 πλῆρες
693 1129 839 1184 scripsi
860 1144 937 1184 pro
959 1132 1196 1182 ἀναπλῆρες.
1257 1130 1457 1172 Eustath.
1476 1146 1516 1185 p.
1538 1141 1658 1185 1735,
1674 1145 1712 1186 9.
1735 1131 1821 1172 ἔστι

291 1200 344 1246 δὲ,
369 1199 506 1251 φασὶν,
530 1200 648 1249 ὅρμος
668 1199 711 1238 τὸ
732 1198 846 1241 τέλος
866 1201 933 1249 τῆς
955 1200 999 1239 ἐν
1019 1198 1206 1254 θαλάσσῃ
1228 1203 1467 1252 καταγωγῆς.

347 1266 447 1320 565,
467 1266 528 1305 18.
553 1268 773 1315 Ποσειδῶν,
796 1265 839 1307 ὃς
858 1265 907 1315 ἦν
928 1265 1123 1320 ἀδελφὸς]
1149 1269 1401 1310 Ποσειδῶνος
1421 1267 1470 1317 ἢν
1486 1267 1673 1319 ἀδελφὸς,
1696 1266 1741 1307 ὃν
1758 1266 1818 1308 Η.

348 1336 446 1387 567,
468 1346 532 1375 21.
557 1334 641 1373 ὁδοί
660 1332 822 1372 correxi
843 1347 920 1386 pro
943 1334 1044 1372 ὁδοῦ.

349 1402 446 1455 569,
467 1413 502 1442 2.
526 1400 627 1440 πάνυ
649 1414 726 1455 ego
748 1400 906 1440 addidi.

350 1468 447 1522 569,
468 1481 532 1509 20.
557 1468 823 1520 ἀποφαντικὸς
844 1467 991 1522 scripsi
1013 1481 1089 1522 pro
1112 1469 1366 1521 ἀποφατικός.

349 1548 401 1589 57
416 1548 448 1582 Ι,
469 1548 534 1588 23.
558 1533 775 1588 ἐγκλιτικὴ]
800 1534 1003 1586 ἐγκλιτέον
1026 1534 1083 1574 Η.

348 1613 448 1656 573,
470 1614 505 1642 2.
529 1600 641 1657 ᾗσιν]
666 1602 770 1641 τισὶν
792 1601 850 1641 Η.

347 1680 446 1723 573,
467 1681 503 1721 7.
526 1668 983 1724 ξείνους-ἀνθρώπους]
1007 1670 1424 1721 ξείνοις-ἀνθρώποις
1445 1670 1502 1710 H.

349 1747 446 1790 574,
469 1749 532 1778 22.
555 1740 667 1775 τοῦτο
691 1735 1025 1790 ἐπιλαμβάνεται]
1052 1736 1186 1776 Immo
1208 1738 1345 1777 τούτου
1367 1738 1692 1789 ἐπιλαμβάνεται.

347 1813 444 1857 574,
466 1814 530 1857 27.
557 1802 1210 1861 παράσχωμεν-περισπωμένου]
1244 1803 1819 1857 παράσχομεν-περισπωμέ-

293 1888 367 1914 νως
391 1870 499 1911 Maii
521 1869 664 1911 editio.

347 1950 398 1992 57
406 1950 445 1992 5,
462 1953 500 1992 9.
524 1939 875 1991 ἀνακεχωσμένους
895 1938 1058 1978 correxi
1079 1952 1155 1992 pro
1177 1939 1578 1992 ἀνακεχωρισμένους.

348 2016 446 2060 575,
465 2018 531 2046 12.
557 2006 750 2058 ἐχώρισεν
771 2003 918 2058 scripsi
940 2018 1016 2058 pro
1038 2006 1251 2057 ἐχώρησεν.

347 2083 401 2126 57
406 2086 430 2125 5
437 2103 448 2121 ,
468 2083 532 2112 22.
556 2070 831 2124 ἀπαρτίζοντα]
855 2071 1110 2122 ἐπαρτίζοντα
1133 2070 1238 2111 Maii
1260 2070 1405 2111 editio.

347 2141 446 2192 576,
469 2152 532 2178 11.
560 2137 726 2187 ἀντέστη
760 2135 923 2176 correxi
957 2150 1008 2176 ex
1042 2136 1270 2177 Eustathio
1303 2152 1345 2190 p.
1373 2148 1496 2191 1745,
1523 2147 1594 2191 53.
1624 2152 1700 2192 pro
1733 2138 1818 2179 ἀνέ-

292 2222 375 2256 στη.

348 2273 445 2325 576,
463 2284 531 2324 30.
556 2269 790 2321 ἐπίσκοπος]
820 2269 848 2308 ὡ
870 2267 964 2320 (sic)
993 2269 1206 2310 ἐπίσκοπος
1228 2268 1336 2309 Maii
1359 2269 1501 2309 editio.
1554 2271 1574 2309 ὁ
1606 2271 1819 2314 ἐπίσκοπος

292 2339 456 2379 Buttm.

348 2414 447 2459 577,
467 2416 502 2444 2·
526 2404 641 2453 ὁμῶς]
667 2403 769 2452 ὅμως
792 2402 840 2452 Q-

348 2481 446 2525 577,
466 2472 503 2510 8.
527 2470 587 2509 καὶ
608 2473 709 2509 ante
731 2469 990 2518 ἐτελεύτησεν
1009 2468 1164 2508 lectum
1185 2469 1426 2522 transposui
1448 2474 1549 2511 ante
1570 2471 1718 2511 πεσών.

348 2539 445 2592 578,
465 2550 503 2590 9.
524 2549 584 2576 10.
610 2534 873 2586 ἑστραμμένος
895 2534 1039 2588 scripsi
1060 2549 1137 2589 pro
1159 2536 1430 2587 ἐστρεμμένος.

349 2614 446 2659 579,
467 2604 505 2642 8.
527 2605 594 2641 τοῦ
614 2600 780 2641 addidit
802 2600 963 2641 Buttm.

349 2683 447 2724 579,
467 2682 532 2722 23.
556 2666 688 2722 αὗται]
711 2668 846 2707 ταύται
867 2667 960 2720 (sic)
983 2668 1090 2708 Maii
1111 2668 1253 2708 editio.

348 2738 445 2791 580,
468 2749 500 2775 l.
523 2733 750 2786 ἔπηξε-τῷ
773 2735 897 2786 τοίχει
919 2736 1034 2786 (nam
1058 2733 1116 2774 sic
1138 2734 1245 2776 Maii
1274 2734 1419 2788 editio)
1440 2735 1572 2777 habet
1599 2736 1729 2778 etiam
1749 2737 1814 2786 B„

291 2805 364 2844 sed
385 2803 440 2844 ad
462 2803 700 2853 ἐθρίγκωσεν
718 2814 754 2840 V.
775 2813 839 2839 10.
1488 2798 1496 2802 ”

349 2871 445 2924 580,
466 2883 529 2924 13.
553 2872 622 2909 νῦν
644 2869 680 2908 οἱ
701 2880 781 2908 om.
806 2866 854 2918 Q.
