1956 3239
295 95 380 139 684

860 102 1172 141 ΟΔΎΣΣΕΙΑΣ
1208 103 1255 141 Τ.

292 198 371 262 ’γὰρ
390 199 590 259 φαίνεται.
639 198 663 258 ἢ
682 199 747 246 διὰ
766 198 809 247 τὸ
832 207 991 264 χρῶμα.
1038 200 1105 248 καὶ
1129 202 1237 265 παρὰ
1254 202 1457 268 Σιμωνίδῃ
1480 203 1520 250 δὲ
1543 202 1823 266 χλωραύχενες·

295 277 479 338 λέγονται
504 277 550 323 αἶ
570 276 741 334 ἀηδόνες.
780 288 828 328 V.

362 372 462 415 521.
486 355 713 418 πολυηχέα]
744 355 901 407 πολλὰς
925 355 1164 416 μεταβολὰς
1190 356 1432 417 ποιουμένην.
1470 357 1524 403 V.

362 447 464 492 524.
490 431 689 496 ὀρώρεται]
729 432 941 490 κεκίνηται,
979 434 1237 497 τετάρακται,
1273 435 1589 495 μεταβάλλεται
1626 434 1675 486 ὧς
1703 436 1726 492 ἦ
1756 439 1823 480 τοῦ

296 510 420 573 ὄρνέου
445 510 568 570 φωνή.
606 514 657 555 Β.

363 604 462 647 530.
486 587 715 680 χαλιφρων]
754 588 1070 650 κεχαλασμένας
1105 587 1204 650 ἔχων
1235 588 1307 640 τας
1338 589 1497 652 φρένας,
1533 588 1722 640 ἀσύνετος
1756 586 1824 634 καὶ

297 665 442 728 αφρων,
480 685 648 716 εναντιος
677 669 730 727 τῷ
763 670 787 688 “

295 742 524 805 χαλίφρονα
559 762 623 787 τον
653 739 940 804 ακρατοφρονα.

296 820 455 882 φρενας.

299 902 394 943 266.
400 899 430 956 ).

846 822 864 831 u

477 917 521 942 ΤΟ
550 895 580 942 ὃ
606 917 701 941 αυΤΟ
737 917 803 941 Kal
830 917 892 941 em
922 917 989 941 Tou

800 685 942 710 πυκινα
975 662 1098 727 φρεσὶ
1132 663 1243 725 μήδε’
1271 663 1424 727 ’ἔχοντι”
1446 666 1489 725 (3
1493 664 1600 724 53.).

1001 743 1128 803 χαλις
1161 762 1240 804 γαρ
1273 744 1291 787 ὁ
1327 739 1471 794 οἷνος’
1453 763 1471 788 o
1509 742 1718 803 ἀναχαλῶν
1749 762 1824 793 τας

971 901 1041 920 ''⁴“

1661 664 1747 710 ’e'vcot
1784 662 1824 708 δὲ

515 817 678 864 ἐναντιον
714 824 774 864 οὐν
809 839 862 863 τω
897 818 1061 881 ι(φρεσι
1084 839 1162 882 γαρ
1197 819 1392 882 κέχρηται
1429 817 1628 884 αγαθῇσι”
1648 819 1755 876 (Od.
1779 839 1823 879 γ,

1060 897 1357 959 χαλιφροσύναι
1382 895 1421 958 γ’
1443 895 1504 957 εμ’
1525 894 1676 958 ἐχουσι
1679 894 1822 953 ’.(Od
1842 905 1888 929 10

296 995 341 1028 π,
365 975 502 1034 310),
529 973 730 1030 δηλοῦται,
757 994 830 1019 οιον
853 973 1087 1036 ἀφροσύναι.
1124 973 1180 1020 V.

362 1065 461 1111 533.
485 1052 608 1097 πάλιν
631 1050 809 1111 ἐλθέμεν]
839 1048 926 1096 ἀντὶ
951 1056 1016 1097 τοῦ
1041 1051 1218 1106 ἐξελθεῖν.
1258 1057 1307 1097 V.

363 1143 462 1188 534.
485 1149 550 1191 γρ.
570 1129 806 1190 ἀσχάλλων.
845 1133 906 1174 Η.

363 1211 463 1266 536.
487 1203 602 1269 πυρὸν
637 1204 787 1251 ἐ’ὃουσιν
823 1204 864 1259 ἐξ
906 1202 1064 1262 ὕδατος]
1112 1202 1136 1262 ἦ
1172 1202 1258 1250 ἀντὶ
1292 1209 1360 1250 τοῦ
1402 1204 1674 1267 βεβρεγμένον
1711 1201 1822 1250 ὕδατι

330 1290 348 1300 ὐ
447 1282 464 1302 ’Χ
499 1282 508 1298 Ὶ
564 1282 576 1297 Ι
735 1288 753 1297 ω
786 1280 805 1296 ‘l
950 1281 969 1300 ’l
1181 1281 1191 1296 Ι

299 1305 418 1339 σιτον,
444 1306 467 1341 η
492 1285 658 1337 εξιοντες
687 1304 754 1329 του
784 1282 924 1334 υὸατος
949 1287 1034 1328 ενθα
1058 1282 1345 1345 διατριβουσιν.
1381 1286 1484 1328 Β.Ρ.

294 1382 357 1424 ρις
381 1358 532 1412 ὕδατος.
573 1359 622 1404 V.

1554 1282 1625 1337 ’ἔξω
1648 1280 1714 1328 καὶ
1737 1304 1820 1345 χω·
1840 1294 1884 1337 15

362 1452 460 1497 547.
488 1434 607 1500 υπαρ]
639 1457 682 1482 το
705 1435 790 1497 μεθ’
809 1436 956 1499 ἡμέραν
979 1434 1207 1530 φαινομενον
1232 1435 1408 1482 ἐνύπνιον.
1448 1441 1497 1481 Β.
1501 1440 1554 1481 V.

362 1531 387 1573 5
391 1528 461 1574 53
486 1535 594 1576 παρα
625 1513 784 1572 πύελον]
823 1535 930 1577 παρα
954 1534 998 1559 το
1023 1534 1152 1574 αγγος
1177 1534 1213 1558 εν
1237 1518 1264 1559 ὡ
1288 1512 1431 1564 αυταῖς
1454 1514 1563 1568 βαλε
1594 1535 1709 1560 πιειν
1757 1536 1820 1560 επι

294 1591 334 1637 δε
358 1597 432 1636 τῶν
454 1597 676 1636 πλυνουσῶν
700 1613 753 1636 τα
777 1612 921 1651 ιματια
944 1590 1110 1642 πλυνονς
1133 1591 1259 1652 λέγει·
1291 1589 1532 1651 ασαμινθους
1556 1590 1597 1637 δὲ
1620 1613 1696 1643 τας
1726 1613 1817 1654 προς

294 1666 340 1713 τὸ
363 1666 535 1731 λουτρόν,
559 1667 667 1730 παρὰ
690 1665 734 1713 τὸ
758 1667 925 1728 μινύθειν
949 1668 1017 1724 τὴν
1041 1666 1146 1713 ἄσιν.
1184 1672 1233 1713 Β.

361 1750 461 1804 560.
485 1745 704 1807 ἀμήχανοι]
734 1743 829 1809 πρὸς
853 1742 917 1796 οἳις
939 1745 1122 1806 μηχανὴν
1145 1744 1264 1808 εὑρεῖν
1288 1744 1355 1791 οὐκ
1379 1743 1500 1791 ἔστιν.
1539 1749 1592 1790 V.

359 1934 391 1958 1.
414 1923 588 1971 Σιμωνίδῃ]
611 1923 883 1971 Fragmentum
905 1922 1028 1959 Simo-

297 1976 395 2012 nidis
433 1976 577 2026 plenius
610 1982 715 2013 extat
747 1976 785 2012 in
820 1976 949 2025 Etym.
970 1977 1028 2014 M.

297 2042 334 2066 v.
356 2031 486 2077 Χλωρίς.
541 2030 678 2067 Glossa
697 2029 915 2079 Etymologi
935 2031 1030 2067 inte-

298 2095 368 2131 gra
394 2083 476 2119 haec
504 2089 582 2120 est:
615 2086 757 2132 Χλωρηῒς
779 2084 848 2129 (sic
873 2084 990 2121 Gaisf.
1011 2097 1031 2120 e

298 2136 381 2172 cod.
402 2137 536 2183 Dorv.)
558 2137 672 2182 ἀηδὼν,
693 2138 755 2173 ἀπὸ
776 2142 830 2173 τοῦ
848 2140 1029 2185 χρώματος.

297 2188 316 2233 ἢ
343 2189 421 2225 διότι
449 2193 480 2225 ἐν
500 2189 567 2238 ἔαρι
593 2192 749 2239 φαίνεται
773 2190 827 2226 ὅτε
853 2193 966 2226 πάντα
985 2193 1032 2226 τὰ

301 2242 387 2289 (del.
409 2244 473 2289 τὰ)
506 2246 628 2290 χλωρά.
678 2246 705 2278 οἱ
737 2243 781 2284 δὲ,
812 2244 869 2287 τὴν
901 2248 1031 2291 χλωροῖς

296 2295 456 2340 ἣδομένην.
501 2300 642 2344 κρεῖττον
669 2296 701 2332 δὲ
731 2297 767 2331 τὸ
795 2300 925 2343 πρῶτον.
963 2312 1028 2331 τοι·

297 2351 398 2392 αὐτην
421 2350 486 2397 ’γὰρ
509 2349 566 2392 τὴν
591 2348 745 2396 πτέρωσιν
768 2347 847 2394 ἔχει.
894 2350 950 2384 καὶ
976 2355 1030 2385 Σι-

297 2403 441 2447 μωνίδης,
470 2400 533 2437 εἶτ’
556 2401 680 2446 ἀηδόνες
704 2404 910 2437 πολυκῶτιλοι
940 2409 1027 2448 χλω-

297 2457 446 2503 ραύχενες
464 2456 609 2503 εἶαριναῖ.

352 2519 389 2555 3.
411 2509 592 2556 πολυηχέα]
618 2508 729 2544 Conf.
747 2508 861 2545 schol.
879 2509 926 2545 ad
945 2526 980 2552 α,
1000 2522 1028 2545 1.

353 2561 389 2597 8.
420 2562 644 2610 ἀκρατόφρονα
669 2563 809 2598 Buttm.
831 2575 897 2611 pro
927 2567 1029 2611 ἀκρα-

296 2614 452 2662 τῆφρονα,
475 2615 597 2651 deleto
618 2616 716 2662 quod
736 2622 821 2663 post
841 2617 958 2665 φρένας
976 2617 1029 2653 le-

297 2667 456 2715 gebatur
467 2669 706 2716 ἀκρατᾶφρονα,
722 2682 801 2716 quae
818 2676 874 2705 est
887 2670 1029 2707 Vitiosae

296 2721 393 2757 illius
409 2721 600 2769 scripturae
615 2723 797 2758 correctio
812 2724 896 2759 loco
909 2724 1030 2760 alieno

295 2775 409 2811 illata.

350 2829 467 2875 χάλις]
495 2828 540 2864 In
560 2828 617 2864 ed.
635 2833 713 2864 ant.
735 2831 850 2876 χάμεε
882 2831 940 2866 cui
969 2843 1026 2867 re-

295 2881 481 2918 centiores
511 2882 784 2918 substituerunt
812 2881 926 2929 χάλιξ.
977 2885 1025 2920 Ε-

295 2947 346 2983 go
384 2947 468 2971 cum
503 2935 683 2972 Barnesio
720 2936 871 2986 reposui
904 2938 1025 2983 χάλιςς

1086 1935 1162 1959 non
1197 1935 1270 1971 quo
1304 1922 1525 1958 mendosam
1559 1922 1710 1958 credam
1742 1922 1820 1959 for-

1086 1990 1186 2012 mam
1205 1977 1243 2012 in
1259 1974 1278 2018 ξ
1297 1977 1343 2012 de
1362 1976 1451 2012 vino
1470 1990 1477 2011 :
1505 1975 1579 2011 vid.
1601 1976 1697 2012 infra
1712 1976 1759 2012 ad
1777 1979 1818 2021 ψ,

1091 2043 1135 2066 1:
1170 2030 1235 2066 sed
1265 2030 1440 2078 quoniam
1470 2029 1538 2065 sub
1568 2030 1699 2065 eadem
1727 2042 1819 2066 voce

1085 2084 1254 2133 χαλίφρων
1274 2084 1312 2119 in
1332 2084 1460 2132 Etym.
1483 2083 1541 2119 M.
1563 2083 1741 2131 scriptum
1762 2089 1820 2119 est

1086 2140 1195 2184 χάλις,
1225 2137 1263 2172 in
1293 2137 1457 2185 Etymol.
1488 2135 1589 2172 Gud.
1624 2138 1675 2184 (p.
1706 2136 1816 2185 562.)

1086 2191 1198 2237 χάμις,
1214 2190 1252 2225 in
1272 2196 1403 2226 nostro
1420 2189 1560 2225 scholio
1576 2192 1678 2235 χάμε.
1702 2189 1816 2226 BUT.

1146 2255 1204 2278 10.
1226 2243 1482 2292 χαλιφροσύναι]
1520 2243 1749 2291 χαλιφρόσυνα
1768 2244 1816 2280 V.

1086 2301 1124 2333 et
1142 2308 1231 2331 mox
1250 2297 1429 2344 ἀφρόσυνα.

1144 2361 1202 2386 11.
1233 2349 1430 2398 ἀφροσύναι]
1467 2349 1512 2385 In
1546 2349 1602 2385 ed.
1627 2355 1704 2386 ant.
1732 2350 1818 2387 huic

1084 2403 1167 2439 voci
1194 2403 1388 2450 subjicitur
1411 2403 1490 2439 sine
1516 2403 1817 2451 interpunctione

1085 2458 1158 2492 ἀντὶ
1181 2462 1235 2492 τοῦ
1264 2454 1416 2498 ἐξελθεῖν.
1474 2456 1519 2492 In
1547 2457 1818 2494 recentioribus

1085 2523 1174 2546 vero
1217 2510 1399 2546 scholium
1447 2510 1601 2546 seorsim
1648 2511 1818 2558 proxime

1087 2564 1327 2611 subjunctum
1344 2578 1352 2600 ε
1387 2574 1406 2611 5
1413 2575 1476 2611 33.
1494 2564 1644 2611 ἐλθέμεν]
1667 2565 1740 2600 ἀντὶ
1764 2569 1819 2600 τοῦ

1087 2616 1246 2659 ἐξελθεῖν;
1275 2618 1360 2653 huic
1380 2624 1510 2653 nostro
1530 2623 1653 2653 autem
1675 2617 1817 2654 scholio

1086 2672 1213 2707 addita
1239 2671 1278 2707 in
1306 2672 1380 2707 fine
1406 2684 1481 2707 vox
1508 2673 1608 2706 πάλιν
1630 2671 1819 2718 (ἀφρόσυνα

1086 2726 1214 2771 πάλιν).
1266 2724 1454 2760 Nimirum
1472 2724 1693 2760 voluerunt:
1727 2735 1817 2771 533.

1084 2781 1183 2814 πάλιν
1198 2778 1348 2824 ἐλθέμεν]
1360 2779 1432 2812 ἀντὶ
1448 2782 1501 2812 τοῦ
1517 2774 1670 2817 ἐξελθεῖν.
1695 2776 1816 2814 BUT.

1144 2844 1203 2868 12.
1234 2833 1290 2868 De
1315 2831 1386 2867 hoc
1407 2830 1549 2866 scholio
1569 2829 1652 2866 vide
1679 2843 1817 2878 praece-

1085 2885 1237 2921 dentem
1258 2884 1538 2921 annotationem
1559 2883 1795 2920 Buttmanni.

1143 2950 1202 2987 19.
1223 2943 1352 2980 πλυνοὺς
1372 2938 1516 2974 Buttm.
1538 2949 1606 2985 pro
1625 2938 1804 2980 πολυέλους.

1837 1681 1885 1707 20
