1956 3239
768 102 1182 143 APPENDIX.
1655 104 1741 145 739

271 215 337 261 80,
359 229 398 266 4.
423 214 554 268 B.H.]
584 215 704 255 Adde
726 215 771 255 T.

270 283 336 329 80,
359 294 399 336 5.
425 282 522 336 ἔστι]
547 282 625 323 ἔδει
647 281 695 322 Τ.

269 349 336 397 80,
361 349 397 388 8.
421 349 507 401 οὖν]
533 351 574 389 δὲ
593 349 642 389 Τ.

266 417 415 459 τούτοις
436 416 804 468 ἀκολουθησάντων]
831 418 976 457 τούτων
997 415 1264 466 ἀδικησάντων
1281 415 1327 455 Τ.

268 484 335 531 8ο,
359 497 396 538 9.
421 482 470 524 ἂν
490 497 571 524 om.
590 484 636 523 T.

266 551 422 604 παισίν]
451 552 548 593 υἱοῖς
563 551 610 591 Τ.
633 550 792 605 reliqua
814 550 957 591 scholii
979 555 1101 604 parte
1123 549 1290 590 omissa.

267 618 333 666 81,
356 631 420 672 15.
442 621 689 673 παρανόμως]
719 619 785 660 Sic
807 620 855 661 T.

266 685 333 729 81.
354 686 416 725 16.
440 686 536 739 ἔφη]
563 687 662 738 φησὶ
684 687 730 726 Τ.

266 752 332 802 81,
352 753 416 792 18.
439 753 484 793 οὗ
506 767 586 793 om.
606 754 654 793 T.

265 820 331 869 81,
351 833 415 874 19.
438 821 790 862 Emendationem
811 836 948 862 meam
971 824 1158 872 κατηρᾶτο
1181 819 1404 861 confirmat
1427 819 1474 859 T.

264 888 331 934 81.
358 900 422 929 21.
449 889 599 929 ἐκείνου
620 904 701 930 om.
719 890 767 930 T.

264 958 331 1005 81,
356 970 423 998 22.
448 962 526 1001 πῶς
548 960 606 1010 τε]
633 960 737 1009 καὶὴ
758 959 805 999 Τ.

262 1025 347 1064 ὄντι
368 1038 449 1064 om.
467 1024 514 1064 T.

265 1092 332 1138 81,
358 1093 424 1132 26.
448 1092 587 1133 Verba
609 1107 660 1133 ex
683 1093 724 1133 S.
747 1092 894 1133 addita
916 1106 996 1133 om.
1017 1093 1063 1132 T.

263 1158 330 1209 81,
357 1169 421 1212 27.
443 1159 543 1214 ἐστὶ]
567 1162 670 1201 εἰσὶν
686 1160 733 1200 T.

262 1225 355 1279 ὑπὸ]
383 1226 461 1267 ἀπὸ
483 1226 530 1267 Τ.

263 1293 330 1342 82,
351 1307 386 1333 1.
412 1292 581 1348 ἐπιδοίη]
609 1295 792 1334 ἐπιδώσει
816 1294 864 1333 Τ.

263 1361 331 1409 82,
352 1361 389 1402 8.
415 1361 550 1417 M.S.]
574 1362 702 1403 Adde
723 1361 770 1402 T.

262 1429 329 1478 82,
350 1440 416 1482 27.
450 1429 500 1469 In
529 1429 578 1469 Τ.
606 1429 821 1481 λευγαλέοι
841 1431 896 1469 τ’;
929 1433 1037 1470 ποιεῖ
1062 1430 1131 1470 τὸν
1151 1431 1277 1481 λόγον
1299 1429 1385 1469 ἀντὶ
1405 1432 1474 1468 τοῦ
1495 1429 1727 1472 ἀσθενεῖς...

208 1496 488 1549 ...προσθήκην
517 1498 672 1548 ἡλικίας
679 1529 781 1537 ......
790 1498 974 1540 ἀσθενεῖς
1004 1498 1264 1549 φανησόμεθα
1299 1497 1360 1537 καὶ
1392 1496 1461 1537 οὐκ
1492 1497 1734 1547 ἐπιστάμεθα

204 1566 252 1604 τὰ
278 1567 343 1615 τῆς
369 1564 511 1618 μάχης.
556 1566 619 1605 διὰ
648 1566 690 1605 δὲ
714 1568 782 1605 τοῦ
804 1567 1017 1618 ὁμολογεῖν
1038 1565 1108 1615 τὴν
1137 1565 1351 1605 ἀσθένειαν
1372 1564 1502 1605 οἶκτον
1525 1564 1603 1615 ἅμα
1635 1567 1737 1603 κινεῖ

205 1632 267 1672 καὶ
287 1632 374 1674 τοὺς
403 1634 627 1683 μνηστῆρας
647 1632 714 1683 τῆς
740 1634 915 1686 ὑποψίας
943 1631 1212 1674 ἀπαλλάσσει.
1259 1632 1420 1685 ἐλέγχει
1448 1633 1489 1672 δὲ
1511 1631 1554 1671 τὸ
1583 1633 1733 1681 πλῆθος

202 1703 248 1739 et
268 1698 430 1754 reliqua
449 1703 498 1740 ut
518 1715 558 1754 p.
583 1700 649 1754 83,
670 1712 736 1742 22.

261 1769 328 1822 83,
354 1780 421 1809 22.
453 1767 593 1823 ἐχρῆν]
627 1768 702 1821 χρὴ
733 1769 775 1808 δὲ
798 1767 846 1809 T.
873 1768 916 1808 in
942 1782 1024 1821 quo
1049 1768 1178 1808 verba
1209 1768 1268 1808 ὅτι
1301 1768 1375 1821 χρὴ
1407 1769 1449 1808 δὲ
1479 1766 1545 1807 bis
1575 1765 1734 1820 scripta

204 1841 320 1877 sunt.

264 1905 331 1959 83,
361 1918 426 1959 23.
451 1909 528 1946 τῶν
549 1904 636 1957 παρ’
657 1905 774 1945 αὐτοῦ
794 1905 928 1955 λόγων
949 1904 1189 1958 πάσχοντος]
1215 1908 1292 1944 τῶν
1312 1905 1444 1955 λόγων
1465 1907 1542 1944 τῶν
1562 1902 1649 1954 παρ’
1669 1903 1733 1943 αὐ-

205 1975 273 2012 τοῦ
294 1972 454 2025 πάσχον
471 1972 518 2012 Τ.

261 2039 408 2094 πάντη]
432 2039 562 2079 πάντα
579 2039 626 2079 Τ.

267 2107 334 2160 83,
360 2118 425 2157 24.
448 2104 711 2159 τὸν-ἄμφω]
743 2104 812 2145 τὸν
842 2106 958 2145 ἔλεον
985 2105 1055 2155 τὴν
1083 2106 1179 2157 πρὸς
1210 2108 1274 2155 τῆς
1307 2105 1378 2155 ἔξω
1407 2107 1534 2148 αἰδοῦς
1560 2105 1627 2146 τὸν
1656 2105 1731 2144 ἀπὸ

204 2177 272 2214 τοῦ
293 2177 386 2215 θεοῦ
408 2175 555 2226 φόβον.
597 2174 714 2225 ἄμφω
737 2171 786 2212 Τ.

262 2242 329 2298 83,
353 2255 419 2297 25.
442 2243 536 2293 βίον
552 2258 622 2282 :-—-
656 2240 704 2281 T.
726 2240 900 2294 reliquis
922 2239 1098 2281 omissis.

263 2311 331 2363 85,
357 2322 423 2361 24.
447 2307 832 2359 πῶς-Ἰθακησίους
853 2322 937 2348 om.
957 2308 1005 2348 Τ.

262 2379 285 2419 8
289 2388 329 2433 5,
355 2389 420 2433 25.
444 2377 702 2431 ἀντίσχεσθε]
731 2375 948 2430 ἀντέχεσθε
968 2377 1018 2417 Τ.

263 2447 331 2500 85,
356 2447 423 2486 26.
447 2445 498 2496 μή
519 2446 554 2496 μ’
575 2445 659 2485 οἷον
682 2445 827 2485 ἐάσατε
849 2458 931 2484 om.
951 2444 1001 2484 T.

260 2511 389 2567 ὑμεῖς]
411 2513 522 2563 ἡμεῖς
542 2512 588 2551 T.

262 2578 582 2632 συμπενθήσατε]
606 2577 674 2619 Sic
697 2578 748 2618 T.

266 2648 333 2701 85,
358 2658 424 2699 27-
448 2647 523 2697 μὲν
543 2649 642 2700 pos‘o
662 2645 820 2697 γραφὴν
837 2645 884 2685 Τ.

264 2716 435 2767 ἀμείβει,
459 2714 503 2755 τὸ
524 2715 566 2755 δὲ
588 2714 674 2754 οἷον
694 2712 846 2768 ἀκούει]
874 2715 1094 2765 ἀμείβεται,
1116 2716 1246 2756 ἀκούει
1269 2718 1309 2756 δὲ
1330 2716 1378 2756 Τ..

262 2783 330 2837 85,
354 2783 422 2825 28.
449 2783 493 2822 ἐν
513 2782 565 2835 τῷ
586 2780 722 2821 πένθει
743 2794 824 2821 om.
844 2779 894 2820 T.

263 2849 331 2903 85,
355 2861 420 2902 29.
445 2847 718 2901 ἐπισωρεύετε]
740 2864 805 2898 μοι
825 2846 946 2888 addit
969 2846 1016 2887 T.

263 2915 352 2970 ἐμὲ]
377 2916 422 2956 ἓν
437 2916 486 2956 Τ.

930 2994 953 3035 3
978 2996 997 3021 c
