1956 3239
772 120 1081 160 ΟΔΎΣΣΕΙΑΣ
1113 123 1161 160 Φ.

277 218 531 282 ἐπισχεσίην]
578 218 793 282 πρόφασιν.
832 225 887 267 Θ..

1643 122 1728 166 699

957 226 1016 266 νῦν
1054 221 1237 281 σημαίνει
1278 222 1494 284 πρόφασιν.
1542 223 1727 283 ἐπιμονῆς

246 294 256 309 x
394 295 407 311 Ι
486 300 504 309 1·-
796 297 807 313 s
905 296 914 311 5
991 294 1002 310 x
1091 297 1123 314 rx
1325 295 1335 310 ἱ
1395 297 1406 313 x
1468 299 1480 314 x
1528 299 1537 314 ν
1647 299 1658 315 t

209 314 288 356 γαρ
311 316 429 358 χρεια
452 317 505 358 τςυ
527 303 854 358 προφασιζομενερ
878 317 935 348 εις
957 317 1002 342 το
1025 301 1235 352 ψευὸεσθαι
1269 318 1335 342 και
1365 319 1409 343 το
1432 319 1490 358 μη
1513 304 1726 355 αληθευειν.

210 369 276 415 καὶ
301 372 491 423 Ἀλκαῖος
527 378 551 395 “
571 371 656 417 οὐδέ
683 393 722 417 τι
751 373 969 431 μυνοίμενος
999 372 1115 417 ἄλλοι
1152 372 1196 418 τὸ
1228 371 1352 433 νοήμα

1353 372 1373 387 ”
1420 371 1506 418 ἀντὶ
1535 379 1602 419 τοῦ
1634 396 1727 436 προ·

209 446 490 507 φασιζᾶμενος.
537 448 723 508 ἀλλαχοῦ
747 448 971 510 ἀποτρέπων
996 446 1038 493 τὸ
1064 449 1202 493 ἑαυτοῦ
1227 447 1366 509 νόημα.
1403 453 1457 493 V.

279 538 346 582 73.
371 522 415 568 τὸ
440 522 479 568 δὲ
503 522 656 581 φαίνετ’
681 522 831 580 ἄεθλον]
863 522 906 569 τὸ
932 523 1002 583 ἐμὲ
1025 530 1170 585 γῆμαι.
1206 529 1260 570 V.

278 604 344 656 76.
370 598 606 644 δυοκαίδεκα
628 601 796 658 πάντων]
829 600 865 645 ει’
885 600 963 662 γὰρ
988 599 1025 645 ἐν
1047 600 1190 660 μέσοις
1215 600 1314 657 ἔστη
1338 599 1382 646 τὸ
1407 601 1543 655 βέλος,
1570 600 1730 655 ἔξαθλος

206 673 264 730 ἦν,
290 675 340 726 ὥς
364 675 551 720 ἐλλείπων
575 681 625 739 τῇ
647 675 820 735 δυνάμει.
859 681 914 720 V.

277 755 344 809 85.
370 750 568 813 ἐφημέρια
591 753 832 814 φρονέοντες]
864 750 908 797 τὸ
932 753 1157 814 παραυτίκα
1180 751 1291 812 μόνον
1315 758 1553 815 φρονοῦντες,
1574 753 1615 798 οὗ
1639 775 1731 815 προ-

209 831 377 878 νοοῦντες
400 832 467 872 τοῦ
490 828 719 887 μέλλοντος.
758 832 810 873 V.

275 922 346 963 90.
369 904 484 963 τόξα]
516 909 574 949 νῦν
597 906 667 961 την
692 905 912 965 σύμπασαν
937 907 1090 962 σκευήν.
1126 910 1180 949 V.

276 997 345 1037 91.
370 980 535 1038 ἀάατον]
568 980 793 1036 ἐπιβλαβῆ,
819 979 843 1036 ἢ
868 979 956 1025 ἄνευ
980 982 1164 1037 βλάβης.
1207 989 1256 1027 V.

274 1073 344 1115 93.
368 1056 494 1115 μέτα]
525 1054 609 1101 ἀντὶ
635 1061 702 1101 τοῦ
728 1056 911 1118 ὑπάρχει.
950 1060 1003 1102 V.

205 1219 407 1261 ποιήσασθαι
435 1215 626 1262 ἐπισχεσίην
657 1220 843 1253 amave&
872 1218 940 1253 ὅθεν

205 1273 261 1306 καὶ
280 1271 454 1318 Ἀνακρέων
478 1274 508 1305 ἐν
529 1275 574 1315 τῷ
600 1270 729 1316 δευτέρῳ
755 1275 814 1305 τῶν
834 1276 941 1316 μελῶν

205 1326 322 1368 μυθίας
341 1328 410 1364 τοὺς
430 1326 650 1364 στασιαστὰς
673 1324 723 1358 ἐπὶ
743 1327 805 1357 τῶν
824 1325 940 1359 ἁλιέων

206 1378 308 1422 λέγει.
341 1376 402 1411 ubi
433 1376 666 1411 Gaisfordius
699 1376 815 1418 μυθῖας
848 1377 938 1412 duo-

205 1441 289 1464 rum
308 1429 477 1465 codicum
499 1429 721 1464 auctoritate
745 1429 781 1464 in
802 1432 940 1473 μιθίτας

206 1482 377 1522 mutavit,
411 1482 511 1529 quod
548 1482 670 1529 ipsum
708 1495 854 1529 quoque
894 1483 940 1517 ad

204 1536 364 1580 μυθιήτας
403 1535 514 1576 ducit,
555 1535 624 1570 etsi
672 1536 939 1582 grammaticus

204 1588 398 1635 vulgarem
419 1587 633 1635 hujusmodi
654 1589 845 1623 nominum
864 1589 939 1624 for-

205 1653 303 1676 mam
338 1641 375 1675 in
415 1657 481 1682 ιτης
514 1641 673 1676 fortasse
711 1642 867 1687 poeticae
903 1643 941 1676 in

205 1710 294 1737 ιητης
311 1694 487 1741 praetulit,
510 1693 824 1740 quemadmodum
843 1695 941 1730 The-

205 1752 390 1794 ognostus
410 1746 446 1781 in
470 1746 637 1782 Crameri
657 1747 795 1782 Aneed.
815 1746 942 1782 Oxou.

205 1799 278 1835 vol.
306 1812 339 1834 2.
361 1812 397 1846 p.
424 1799 506 1846 169,
534 1811 590 1834 12.
614 1800 711 1834 inter
731 1800 882 1834 nomina
902 1800 940 1835 in

204 1868 258 1895 τῆς
290 1852 426 1899 posuit,
465 1853 597 1897 μυθῖτης
630 1854 779 1897 σημαίνει
818 1853 849 1888 δὲ
888 1854 940 1888 τὸν

204 1906 434 1947 στασιαστῆν.

260 1958 299 1992 P.
317 1957 408 2005 698,
436 1957 494 1992 18.
522 1960 586 1992 ἀνὰ
615 1960 718 1999 νῆσον,
740 1952 762 1992 Z
783 1959 939 2003 Μεγίστη

205 2010 248 2045 L.
271 2010 486 2045 Dindorfius
513 2010 550 2045 in
579 2010 771 2045 Thesauro
803 2011 876 2046 vol.
899 2022 936 2058 5.

204 2076 241 2110 p.
262 2075 274 2098 1
287 2063 375 2110 248.
406 2063 621 2111 Legebatur
636 2064 760 2106 ἀννήσω
778 2066 936 2109 μεγίστη,

204 2116 242 2151 in
281 2129 354 2163 quo
392 2119 458 2151 ἀνὰ
500 2119 590 2158 νῆσον
636 2116 752 2151 latere
793 2116 937 2152 viderat

153 2175 155 2177 '
204 2169 470 2205 Buttmannus.
502 2169 615 2212 Quod
631 2169 852 2204 Eustathius
872 2182 935 2216 po-

205 2222 278 2257 suit
298 2227 330 2257 ἐν
349 2223 444 2267 νήσῳ,
467 2222 606 2257 omisso
635 2224 792 2268 μεγίστη,
824 2223 938 2269 ipsius

205 2287 286 2310 esse
306 2278 520 2323 conjectura
541 2275 697 2315 videtur,
720 2288 832 2321 quum
857 2287 937 2310 cor-

204 2334 314 2374 rupta
334 2340 415 2364 esse
435 2328 577 2363 videret
597 2328 710 2363 verba
729 2328 937 2363 scholiastae

204 2393 274 2416 nec
296 2382 439 2427 μεγίστη
465 2381 703 2428 intelligeret.
762 2381 938 2416 Nominis

204 2435 376 2479 Μεγίστης
394 2434 566 2480 exempla
585 2440 672 2468 sunt
688 2434 724 2468 in
744 2433 934 2481 fragmen-

204 2486 252 2521 tis
285 2484 533 2521 Aaacreontis
563 2486 662 2533 apud
693 2486 835 2521 Athen.
874 2496 933 2534 15.

205 2551 243 2587 p.
261 2538 334 2584 671
361 2539 402 2574 F.
425 2539 498 2586 673
519 2540 564 2573 D.
586 2539 665 2585 674
685 2540 732 2573 A.

264 2602 276 2625 1
286 2603 321 2638 9.
336 2591 505 2637 διέπουσιν]
521 2590 768 2626 scribendum
782 2591 935 2626 διέπουσιν

205 2645 316 2688 Σάμον
358 2656 442 2679 cum
491 2644 655 2690 Bergkio
702 2643 748 2678 ad
795 2644 933 2678 Anacr.

206 2696 358 2743 Fragm.
379 2709 414 2744 p.
434 2696 521 2742 164.
562 2696 665 2731 Nam
685 2701 846 2731 metrum
866 2695 935 2731 ho-

205 2761 289 2784 rutn
311 2749 468 2784 duorum
488 2761 662 2785 versuum
686 2755 743 2784 est
766 2748 934 2783 Ionicum

206 2813 228 2836 a
247 2801 390 2837 minore
410 2802 621 2838 trimetrum
640 2804 864 2846 ἀνακλώμενον

276 2856 309 2881 -Ι
322 2873 352 2890 υ
365 2877 397 2882 -·
409 2877 454 2903 —,
487 2875 517 2892 U
532 2874 562 2891 k.)
574 2857 608 2882 —l
625 2874 668 2902 kl,

209 2909 328 2945 Porro
358 2917 443 2957 post
468 2910 557 2946 ἄστυ
583 2910 783 2946 scholiasta
812 2909 936 2944 omisit

699 2856 867 2890 φυ--

996 1218 1170 1265 Νυμφέων,
1197 1218 1297 1264 quod
1328 1217 1531 1265 Sopingius
1562 1218 1728 1253 animad-

995 1271 1108 1306 vertit
1129 1271 1264 1306 collata
1284 1271 1411 1318 glossa
1430 1271 1623 1318 Hesychii,
1642 1270 1730 1305 ἄστυ

997 1324 1170 1371 Νυμφέων·
1202 1325 1258 1366 τὴν
1291 1327 1398 1368 Σάμον
1435 1326 1622 1371 Ἀνακρέων,
1663 1324 1730 1358 ἐπεὶ

995 1378 1124 1422 ἴστε-ρον
1144 1377 1261 1423 εἴυδρος
1281 1377 1417 1423 ἐγένετο.

1052 1434 1096 1470 Ρ.
1120 1435 1210 1481 699,
1241 1447 1268 1469 1.
1305 1435 1519 1481 ἐπιμονῆς-]
1558 1434 1652 1470 Inde
1683 1435 1729 1470 ab

996 1488 1067 1523 hoc
1101 1489 1215 1523 verbo
1249 1488 1375 1522 omnia
1408 1493 1578 1535 spectant
1612 1488 1659 1523 ad
1691 1501 1728 1524 v,

1001 1553 1013 1576 1
1031 1553 1039 1576 ι
1056 1553 1087 1576 1.
1120 1541 1206 1576 Vid.
1230 1553 1310 1587 quae
1331 1541 1380 1575 ibi
1401 1541 1550 1576 notabo.
1582 1541 1728 1576 BUTT.

997 1596 1141 1637 ἐπιμονῆς
1171 1600 1207 1628 et
1241 1606 1328 1628 mox
1359 1597 1535 1638 μυνοίμενος
1566 1594 1730 1629 correxit

999 1647 1198 1681 Barnesius
1218 1659 1285 1693 pro
1306 1647 1356 1681 ἐπὶ
1375 1648 1466 1689 μονῆς
1483 1653 1519 1680 et
1540 1649 1727 1689 μηνάμενος.

1001 1699 1124 1734 Verbo
1145 1700 1298 1743 ἐπιμένειν
1321 1699 1358 1733 in
1386 1698 1630 1745 explicatione
1660 1699 1730 1734 hu-

994 1752 1057 1798 jus
1077 1750 1246 1787 vocabuli
1270 1763 1357 1786 usus
1378 1757 1434 1786 est
1455 1751 1670 1787 Eustathius
1690 1765 1727 1799 p.

1006 1816 1115 1851 1901,
1132 1816 1194 1850 47.

1051 1869 1086 1903 3.
1107 1856 1202 1891 ἄλλοι
1220 1858 1254 1891 το
1268 1856 1386 1902 νᾶημα]
1404 1856 1498 1890 ἄλλα
1515 1857 1548 1892 το
1566 1857 1667 1900 νᾶημα,
1681 1857 1728 1893 V.

995 1908 1079 1944 ἄλλο
1106 1909 1208 1953 νόημα
1230 1908 1452 1944 Eustathius
1476 1922 1510 1956 p.
1530 1921 1643 1955 1901,
1661 1920 1727 1956 52.

997 1968 1019 1980 “
1036 1961 1294 2004 Blomfieldus,
1316 1962 1413 2008 apud
1434 1974 1542 2008 quem
1570 1963 1642 1998 hoc
1671 1969 1729 1998 est

994 2015 1106 2050 Alcaei
1137 2015 1389 2061 fragmentum
1421 2026 1508 2061 55:
1557 2020 1566 2034 ‘
1584 2015 1725 2051 Forsan

994 2068 1256 2115 corrigendum
1274 2067 1367 2111 ἄλλα
1380 2069 1414 2102 τὲ
1431 2068 1545 2111 νόημα.
1568 2068 1729 2104 Videtur

994 2126 1118 2156 auten]
1139 2125 1313 2165 μινάμενος
1328 2120 1474 2155 [ΕΟῙῙΟΕ
1495 2120 1564 2155 (lici
1582 2133 1649 2168 pro
1665 2138 1726 2165 μυ-

994 2173 1144 2217 νώμενο.;.’
1181 2174 1322 2208 Verum
1343 2181 1541 2220 utrumque
1562 2174 1651 2209 mihi
1672 2174 1725 2209 vi-

995 2226 1126 2261 detur:
1158 2239 1244 2261 nam
1279 2225 1372 2261 illud
1402 2226 1533 2261 nititur
1567 2227 1726 2262 scholia..

994 2285 1060 2314 stae
1101 2278 1360 2326 explicatione,
1399 2279 1554 2314 verbum
1602 2286 1725 2315 autem

993 2334 1130 2375 μύνομαι
1161 2344 1206 2367 ex
1236 2332 1307 2367 hoc
1336 2338 1481 2367 tantum
1514 2332 1726 2379 fragmento

993 2385 1112 2420 lexica
1143 2385 1306 2424 intravit,
1335 2385 1372 2419 in
1398 2391 1590 2431 posterum
1615 2386 1724 2421 omit-

991 2438 1187 2473 tendum.’'
1214 2437 1406 2473 BUTTM.
1455 2438 1571 2473 Recte
1595 2438 1723 2473 Blom-

991 2491 1137 2530 fieldus,
1178 2490 1249 2525 nisi
1288 2490 1386 2537 quod
1420 2491 1565 2526 ABolica
1605 2491 1726 2526 forma

991 2542 1086 2578 ἄλλοι
1117 2543 1350 2578 restituenda
1381 2550 1472 2584 erat,
1504 2544 1602 2590 quod
1636 2544 1725 2579 fecit

992 2595 1192 2636 Seidlerus,
1215 2596 1291 2631 sive
1321 2595 1373 2630 sic
1402 2597 1539 2644 scripta
1559 2597 1635 2631 sive
1660 2596 1722 2630 522.-

991 2654 1054 2687 λυι,
1086 2648 1131 2684 de
1159 2661 1231 2695 quo
1261 2648 1355 2683 dixit
1375 2648 1532 2684 Ahrens.
1567 2649 1612 2684 de
1640 2649 1721 2683 dial.

992 2700 1093 2736 AEol.
1117 2714 1151 2748 p.
1174 2713 1182 2736 ι
1195 2712 1258 2748 55.

1047 2763 1084 2801 5.
1114 2755 1150 2789 τὸ
1170 2755 1226 2799 ἐμὲ
1248 2753 1372 2800 γῆμαι]
1407 2753 1515 2788 Conf.
1537 2753 1652 2788 schol.
1676 2753 1722 2788 ad

991 2818 1024 2840 v.
1046 2807 1133 2842 106.

1047 2858 1082 2895 8.
1103 2857 1184 2902 ἔστη
1206 2859 1345 2894 Buttm.
1366 2870 1434 2905 pro
1454 2858 1539 2891 ἐστί.

1743 538 1764 577 5

1748 923 1794 946 10
