1956 3239
341 80 423 120 740
895 79 1314 120 APPENDIX.

399 194 464 247 85,
486 206 554 246 30.
579 194 792 247 σχολάζειν
814 194 864 249 τῷ
887 193 1022 235 πένθει
1043 207 1122 234 om.
1141 193 1188 233 T.

397 261 628 313 ἐπιφύεσθε]
656 262 914 314 ἐπιφέρεσθαι
935 261 983 302 Τ.

395 327 622 381 πάνδεινον]
648 332 725 370 πᾶν
747 329 875 370 δεινὸν
892 329 938 369 Τ.

395 396 507 447 μηδὲ]
535 395 605 436 Sic
627 396 674 436 Τ.

398 462 464 516 85,
487 477 555 517 31.
581 465 822 519 ἐπιφθόνως]
847 466 908 505 καὶ
930 466 1061 508 ἄλλως
1083 466 1301 519 praefixum
1323 464 1364 505 in
1386 466 1433 505 T.

397 530 464 584 85,
487 544 555 585 32.
579 531 626 572 ὃν
648 532 742 584 ἔδει]
769 533 828 572 ὅτι
849 533 968 586 ε’χρῆν
984 533 1029 572 Τ.

396 599 512 638 αἰτῶν
534 613 611 639 om,
635 591 683 639 Τ.

396 666 463 712 86,
484 679 517 705 1.
541 666 725 721 πενθεῖν]
749 669 815 718 ἐμὲ
838 667 959 708 addit
980 667 1028 708 T.

395 733 503 775 Post
524 736 645 778 ἀδεῶς
662 735 711 775 Τ.
737 736 876 791 pergit
905 736 1134 790 ἀντέχεσθε,
1156 736 1394 787 βοηθήσατε.
1438 736 1480 775 τὸ
1504 738 1578 788 γὰρ
1597 735 1864 787 φίλοι-ἀπό-

339 805 574 855 σχεσθε;-

395 869 462 917 86,
484 881 546 923 17.
571 871 820 924 εὐωχίας;-
843 873 889 912 T.

395 937 462 984 86,
488 949 553 992 25.
576 940 788 990 γενοίμεθα
809 946 853 991 φ.
879 940 941 980 καὶ
962 942 1019 991 π.]
1046 941 1259 992 γενοίμεθα
1279 939 1301 990 ἦ
1324 946 1367 993 φ.
1391 941 1724 992 προσπλεκόμεθα
1745 938 1790 978 Τ.

396 1005 463 1058 87,
483 1018 518 1045 1.
543 1005 615 1061 Q]
639 1006 765 1047 Adde
787 1007 835 1047 T.

396 1074 462 1126 87,
477 1088 516 1126 4.
540 1077 762 1128 χωόμενος;
788 1078 1080 1130 συγκεχύμενος
1097 1080 1159 1118 διὰ
1176 1078 1247 1128 τὴν
1263 1077 1483 1128 ἀνάμνησιν
1496 1079 1574 1117 τῶν
1589 1077 1801 1128 λόγωνε-
1815 1075 1863 1115 Τ.

395 1152 462 1196 95,
485 1155 553 1198 33.
591 1143 640 1182 In
663 1144 710 1184 T.
736 1143 862 1199 longa
893 1145 944 1185 de
973 1145 1100 1185 verbo
1132 1146 1330 1186 ὅσσεσθαι
1361 1149 1404 1185 eb
1435 1143 1712 1185 substantivis
1743 1144 1865 1191 ὅσσα,

337 1210 458 1261 ὀμφή,
486 1211 641 1260 κληδών
662 1216 705 1251 et
731 1211 840 1263 φήμη
865 1212 1086 1253 annotatio
1118 1216 1194 1259 est,
1219 1227 1346 1266 quam
1377 1226 1461 1253 non
1493 1226 1544 1252 ex
1566 1210 1779 1252 vet-eribus
1809 1210 1864 1250 ad

335 1276 446 1317 hunc
476 1277 612 1318 locum
637 1281 694 1332 (v.
719 1279 832 1332 152.)
856 1279 1024 1319 scholiis
1056 1284 1252 1327 sumtam,
1275 1280 1349 1320 sed
1380 1294 1402 1320 e
1432 1279 1588 1319 Lexico
1618 1278 1758 1333 aliquo
1783 1278 1864 1318 huc

335 1344 498 1386 illatam
519 1360 610 1386 esse
638 1345 729 1400 ipsa
756 1346 892 1400 prima
912 1348 1040 1388 verba
1061 1347 1315 1388 ostendunt:
1342 1346 1524 1387 ’Όσσετο
1546 1348 1662 1397 θυμός
1687 1346 1860 1400 (Odyss.

336 1430 370 1463 κ,
393 1414 512 1467 374.)
536 1415 623 1454 ἀντὶ
644 1417 711 1454 τοῦ
737 1415 983 1465 ἐμαντεύετο.
1032 1415 1092 1455 καὶ
1114 1416 1169 1455 ἔτι
1196 1418 1353 1465 μᾶλλον
1373 1417 1439 1464 τῆς
1460 1415 1585 1465 ὅσσης
1606 1413 1649 1453 τὸ
1670 1412 1864 1454 ὅσσεσθαι

336 1480 450 1522 αὐτὸς
482 1481 680 1531 ἐδήλωσεν
710 1482 772 1522 ἐπὶ
802 1486 878 1522 τῶν
907 1482 1141 1534 μνηστήρων
1165 1482 1295 1534 λέγων
1323 1482 1421 1533 (hoo
1453 1481 1544 1535 ipso
1574 1481 1668 1522 loco
1690 1496 1727 1521 v.
1749 1482 1861 1535 152.)

338 1554 361 1566 “
378 1548 417 1589 ἐς
438 1547 468 1587 δ’
489 1548 617 1598 ἰδέτην
638 1549 796 1589 πάντων
825 1552 1015 1602 κεφαλὰς,
1042 1551 1214 1590 ὄσσοντο
1244 1548 1274 1590 δ’
1298 1548 1505 1601 ὅλεθρον.”
1547 1548 1605 1589 ἐπ’
1625 1549 1752 1589 ἄλλον
1775 1550 1861 1599 ἐξη-

335 1616 486 1668 γήσατο
517 1619 637 1658 εἰπὼν
660 1623 683 1640 “
700 1617 845 1665 Ξάνθε,
869 1619 908 1658 τί
929 1636 995 1669 μοι
1016 1619 1186 1659 θάνατον
1213 1617 1445 1669 μαντεύεαι”
1463 1617 1533 1670 (Il.
1558 1634 1591 1665 τ,
1618 1618 1751 1670 240.).
1792 1617 1864 1668 τὴν

335 1684 376 1722 δὲ
409 1682 539 1724 ὄσσαν
568 1685 627 1725 ὅτι
655 1687 741 1726 θεία
769 1686 881 1737 φωνὴ
912 1687 1105 1738 ἐξηγεῖται
1136 1685 1269 1738 λέγων
1291 1691 1314 1707 “
1329 1684 1459 1725 ὄσσαν
1481 1686 1650 1740 ἀκούσῃς
1671 1687 1713 1725 ἐκ
1736 1685 1862 1727 Διός”

337 1750 436 1802 (0(1.
461 1768 496 1799 α,
523 1752 653 1801 282)
705 1753 817 1806 λέγει
848 1754 890 1793 δὲ
921 1753 1041 1803 αὐτὴν
1073 1754 1133 1793 καὶ
1165 1754 1350 1804 κληδόνα,
1386 1752 1582 1804 “ἤλυθον,
1617 1755 1653 1793 εἴ
1680 1753 1767 1793 τινά
1796 1769 1863 1804 μοι

336 1820 533 1869 κληηδόνα
553 1821 697 1872 πατρὸς
719 1821 924 1863 ε’νίσποις”
943 1820 1042 1872 (Od.
1066 1824 1098 1868 δ,
1121 1823 1257 1875 317)
1287 1821 1439 1871 κληδὼν
1460 1822 1502 1861 δὲ
1524 1823 1586 1861 διὰ
1607 1821 1650 1861 τὸ
1673 1820 1786 1863 κλέος
1807 1824 1861 1862 δι-

335 1887 443 1926 δόναι
472 1887 534 1926 καὶ
562 1886 712 1939 φέρειν.
754 1886 810 1938 (ίῆ
842 1887 975 1928 ὄσσαν
1006 1889 1186 1944 ἀκούσῃς,
1217 1890 1285 1939 ἥτε
1315 1888 1490 1938 μάλιστα
1519 1888 1628 1940 φέρει
1659 1888 1771 1932 κλέος
1795 1890 1862 1930 ἀν-

336 1954 571 2005 θρώποισιν”
604 1955 704 2007 (Od.
729 1973 765 2003 α,
791 1956 922 2010 283)
969 1956 1030 1996 καὶ
1067 1957 1181 1998 αὐτὸς
1212 1958 1231 1996 ὁ
1267 1956 1500 2010 Τηλέμαχος
1542 1957 1725 2008 “πατρὸς
1769 1959 1862 2007 ἐμοῦ

335 2022 450 2064 κλέος
483 2022 603 2074 εὐρύ”
625 2023 724 2075 φησὶ
753 2025 1044 2077 (ίμετέρχομαι,
1079 2027 1121 2065 αἵ
1148 2041 1224 2064 που
1255 2025 1450 2064 ἇκούσω.”
1475 2024 1575 2076 (Od.
1602 2041 1639 2076 γ,
1664 2025 1752 2078 83.)
1798 2025 1861 2065 καὶ

336 2094 361 2109 “
375 2088 500 2142 ᾤχετο
522 2091 766 2141 πευσόμενος
786 2093 884 2141 μετὰ
906 2091 982 2131 σὸν
1006 2091 1129 2137 κλέος,
1154 2094 1188 2131 εἵ
1207 2108 1281 2131 που
1303 2090 1353 2131 ἔτ’
1373 2093 1479 2142 εἴης”
1499 2094 1553 2144 (ν.
1572 2092 1708 2145 415).
1756 2093 1816 2132 καὶ
1835 2093 1859 2142 ἡ

333 2157 486 2208 μεγάλη
509 2158 571 2197 καὶ
589 2157 746 2207 ἔνδοξος
763 2157 871 2210 φήμη
894 2160 1046 2208 κληδὼν
1061 2158 1161 2210 μέγα
1182 2158 1306 2200 κλέος·
1339 2165 1363 2178 “
1379 2159 1542 2198 πεύθετο
1563 2162 1639 2210 γὰρ
1656 2160 1860 2210 Κύπρονδε

333 2223 436 2275 μέγα
462 2223 588 2272 κλέος,
610 2224 733 2264 οὕνεκ’
750 2223 907 2277 Ἀχαιοὶ
935 2226 972 2267 ἐς
992 2227 1138 2276 Τροίην
1159 2225 1320 2275 νήεσσι”
1339 2225 1409 2278 (ΙΙ.
1434 2231 1471 2274 λ,
1498 2227 1639 2277 21.)...
1659 2258 1667 2266 .
1689 2243 1859 2280 προαγο-

332 2293 447 2342 ρεύει·
483 2299 507 2311 “
523 2293 606 2342 θείη
629 2292 671 2331 δέ
697 2309 764 2342 μιν
785 2292 974 2345 ἀμφέχυτ’
994 2293 1136 2344 ὁμφή”
1156 2293 1225 2345 (Il.
1248 2298 1290 2343 β,
1313 2296 1419 2345 41.).
1462 2298 1488 2315 “
1502 2294 1596 2334 ἔνθα
1621 2298 1858 2351 πανομφαίῳ

336 2358 430 2409 Ζηνὶ
455 2358 636 2410 ῥέζεσκον
652 2358 838 2410 Ἀχαιοί”
862 2358 930 2410 (ΙΙ.
955 2363 990 2409 θ,
1017 2361 1145 2413 250),
1169 2361 1300 2411 ἐπειδὴ
1320 2359 1426 2400 ὅσσα
1453 2362 1514 2401 καὶ
1542 2362 1649 2413 ὀμφὴ
1672 2363 1769 2405 Διὸς
1790 2364 1858 2417 ἄγ-

334 2426 450 2476 γελοί
475 2427 586 2465 εἰσιν.
631 2425 714 2465 ἔστι
742 2426 785 2466 δέ
806 2443 861 2468 τις
889 2427 993 2477 ἄλλη
1018 2428 1040 2477 ἡ
1069 2426 1189 2478 δήμου
1211 2428 1331 2480 φήμη,
1354 2429 1376 2479 ἡ
1395 2429 1470 2468 ὑπὸ
1491 2432 1558 2469 τοῦ
1587 2430 1706 2480 δήμου
1737 2434 1856 2472 διαδι-

335 2491 475 2541 δομένη
501 2494 591 2543 περί
616 2510 719 2534 τινος
747 2495 938 2545 ἀγγελίας
967 2494 1086 2546 φήμη.
1135 2497 1195 2536 καὶ
1224 2496 1346 2536 πάλιν
1369 2497 1564 2549 Ηχαλεπὴ
1590 2497 1619 2538 δ’
1644 2498 1712 2551 ἔχε
1737 2498 1857 2550 δήμου

334 2561 479 2610 φῆμις”
499 2559 645 2611 (0(1.ξ,
664 2561 779 2613 239.)
799 2562 861 2601 καὶ
880 2566 907 2585 “
924 2562 1047 2614 ἀγορὴ
1069 2563 1325 2615 πολύφημος”
1344 2563 1445 2617 (Od.
1460 2569 1502 2615 β,
1518 2566 1630 2618 150.)
1655 2564 1738 2621 ἐνῇ
1759 2572 1857 2607 πολ-

332 2628 386 2666 λὰ
407 2627 624 2678 φημίζεται.
672 2627 742 2678 ἤδη
772 2629 814 2667 δὲ
841 2629 974 2680 φήμην
996 2629 1058 2669 καὶ
1086 2630 1154 2679 τὴν
1177 2632 1349 2681 κληδόνα
1376 2648 1451 2671 που
1477 2633 1602 2683 εἴρηκε
1624 2633 1795 2685 ίιφήμην
1823 2633 1854 2674 δ’

332 2695 372 2743 ἐξ
403 2696 523 2734 οἴκοιο
554 2694 652 2745 γυνὴ
683 2695 870 2746 προέηκεν
902 2697 1081 2748 ἀλετρίς”
1100 2698 1201 2749 (Od.
1223 2716 1258 2745 υ,
1281 2700 1392 2752 105.)
1417 2700 1520 2739 ὥστε
1550 2698 1657 2739 ὄσσα
1686 2701 1760 2750 μὲν
1792 2701 1855 2741 καὶ

333 2762 440 2813 ὀμφὴ
470 2763 531 2802 καὶ
559 2763 709 2812 κληδὼν
731 2763 791 2803 ἐπὶ
817 2768 883 2803 τοῦ
913 2765 1042 2812 αὐτοῦ,
1067 2766 1174 2818 φήμη
1203 2769 1245 2807 δὲ
1274 2768 1336 2808 καὶ
1365 2768 1428 2808 ἐπὶ
1449 2770 1515 2818 τῆς
1537 2769 1644 2810 θείας
1665 2770 1855 2819 κληδόνος

333 2829 394 2869 καὶ
425 2830 488 2870 ἐπὶ
512 2832 578 2879 τῆς
609 2831 851 2880 ἀνθρωπίνης
881 2834 1103 2875 διαδόσεως.
1146 2838 1268 2875 οἴεται
1297 2838 1372 2887 γὰρ
1401 2836 1511 2876 θείαν
1537 2834 1615 2875 ὅπα
1643 2837 1693 2878 ὡς
1719 2837 1855 2888 φωνὴν

326 2895 500 2947 ’Όμηρος
524 2899 576 2939 εἰς
596 2897 704 2950 (dele
729 2899 799 2949 εἰς)
820 2899 906 2940 τοὺς
927 2900 1084 2949 μάντεις
1101 2902 1266 2942 ἀκούειν·
1302 2909 1324 2924 “
1340 2903 1388 2944 ὡς
1409 2905 1484 2954 γὰρ
1503 2904 1603 2954 ἐγὼν
1625 2901 1684 2943 ὄπ’
1704 2904 1852 2944 ἄκουσα
