1956 3239
716 129 1134 171 APPENDIX.
1603 133 1687 174 757

165 241 226 282 καὶ
246 243 453 294 τρίγχοισι,
477 241 587 293 θύραι
609 239 640 281 δ’
665 241 706 281 εὐ
726 272 733 280 .
756 272 779 280 ..
802 240 955 294 (scribe
987 240 1178 293 εὐερκέες)
1204 243 1306 282 εἰσὶν
1327 243 1507 284 δικλίδες.
1549 243 1615 282 οὐκ
1637 244 1686 283 ἄν

163 326 218 352 τις
243 326 310 359 μιν
331 309 428 360 ἀνὴρ
455 307 801 360 ὑπεροπλίσαιτο.”
835 311 896 348 δεῖ
922 310 963 348 δὲ
993 311 1060 347 τοῦ
1088 312 1247 356 ποιητοῦ
1278 311 1325 348 τὰ
1345 311 1417 359 μὲν
1443 311 1492 351 ὡς
1514 314 1687 359 συμβου-

162 378 346 417 λεύοντος
368 376 429 415 καὶ
457 378 738 427 παραινοῦντος
760 375 1040 428 ἀποδέχεσθαι,
1063 377 1110 415 τὰ
1138 377 1179 415 δὲ
1209 376 1259 417 ὡς
1288 377 1540 427 ἐξηγούμενος
1562 378 1683 428 (corr.

164 440 441 494 ἐξηγουμένου)
473 442 606 492 μόνον,
634 442 741 481 ἄλλα
772 443 812 481 δὲ
847 443 895 483 ὡς
931 441 1183 489 ὀνειδίζοντος
1217 443 1279 481 καὶ
1307 446 1600 494 καταγελῶντος
1618 459 1687 483 :——

164 508 269 550 Post
291 523 382 563 quae
405 513 636 563 sequuntur
657 509 815 550 scholia
835 509 889 550 ad
913 524 950 549 v.
976 510 1042 561 76.
1065 513 1107 548 et
1129 514 1364 563 sequentes.

224 577 317 628 184,
344 590 404 630 19.
429 575 506 631 V.]
532 576 657 617 Adde
679 577 726 617 T.

224 645 317 693 184,
339 656 403 695 24.
435 642 559 698 ποιεῖ]
592 648 701 684 ποιεῖ
731 646 793 684 καὶ
822 646 876 686 εἰς
901 647 1017 696 μῖσος
1045 644 1331 697 &yffi—(Ad
1354 659 1390 684 v.
1416 646 1524 697 107.)
1547 645 1687 696 ἤρατο;

163 709 427 761 ἐπολέμησεν,
450 709 667 761 ὑπέμενενῑ
687 735 739 740 ——
754 711 801 751 T.

226 779 316 832 185,
342 791 373 817 1.
397 778 501 820 ὅπως
523 779 564 819 δὲ
587 780 729 829 δηρόν;
763 778 807 818 τὸ
830 779 933 820 ὅπως
955 779 1041 818 ἀντὶ
1062 783 1130 819 τοῦ
1152 780 1248 819 ὅπου
1265 795 1273 818 :
1288 803 1344 808 —
1361 779 1417 818 T.

225 845 316 898 185,
344 854 404 899 15.
429 845 621 896 ἐξερέοιτο
641 859 650 883 :
684 845 964 897 ἐξερευνήσειε,
989 846 1190 897 ἀνακρίνοι
1205 861 1212 885 :
1230 870 1285 876 —
1301 846 1354 885 T.

225 913 317 966 185,
340 923 403 964 17.
430 913 616 954 θυώδεος;
651 912 814 954 εὐώδους
830 928 837 952 :
853 937 910 942 —
926 914 980 952 T.

226 980 316 1031 185,
343 992 408 1020 21.
444 978 642 1030 Ἀρτέμιδι
681 979 965 1033 χρυσηλακάτῳ
1009 981 1156 1020 εἶκυῖα;
1195 982 1366 1031 διαφορὰ
1400 979 1596 1029 ἠλακάτης
1629 980 1692 1019 καὶ

162 1047 369 1097 ἠλακάτων
391 1047 542 1100 (codex
570 1047 765 1098 ὑλακάτης
797 1048 857 1087 καὶ
878 1047 1099 1099 ὑλακάτων)
1125 1048 1215 1099 παρ’
1237 1048 1337 1102 αὐτῷ
1358 1048 1439 1097 ἥδε.
1481 1048 1503 1097 ἡ
1524 1049 1598 1097 μὲν
1618 1050 1692 1099 γὰρ

162 1113 339 1165 ἠλακάτη
361 1115 612 1167 (correctum
635 1128 687 1154 ex
708 1114 895 1167 ὑλακάτη)
922 1118 1038 1165 δηλοῖ
1058 1115 1099 1154 τὸ
1122 1116 1241 1165 ξύλον
1263 1117 1317 1156 εἷς
1342 1114 1362 1154 δ
1385 1117 1625 1166 περιειλοῦσι
1647 1114 1691 1153 τὸ

163 1182 270 1234 ἔριον
291 1184 331 1223 αἱ
353 1182 554 1233 νήθουσαι,
577 1183 755 1233 ἠλάκατα
776 1184 817 1223 δὲ
840 1183 938 1222 αὐτὰ
959 1184 1006 1222 τὰ
1027 1182 1110 1233 ἔρια
1129 1184 1178 1222 τὰ
1199 1182 1498 1233 περιειλούμενα
1526 1184 1572 1236 τῇ
1593 1182 1692 1231 ἠλα-

164 1248 271 1304 κάτῃ.
312 1249 383 1300 τὴν
405 1251 446 1290 δὲ
466 1249 668 1300 ἠλακάτην
697 1251 760 1289 διὰ
788 1251 936 1290 τούτων
957 1249 1152 1299 δεδήλωκε
1174 1250 1227 1301 (v.
1246 1251 1357 1303 135.)
1384 1253 1408 1270 “
1424 1248 1600 1298 ἠλακάτη
1631 1265 1692 1289 τε-

163 1315 351 1356 τάνυσται
384 1318 564 1367 ἰοδνεφὲς
596 1316 698 1368 εἶρος
731 1316 918 1369 ἔχουσα.”
949 1316 1183 1356 τετάνυσται
1216 1317 1257 1356 δὲ
1292 1315 1385 1355 αὐτὸ
1426 1317 1489 1355 διὰ
1521 1315 1564 1354 τὸ
1594 1315 1694 1356 εἶναι

163 1383 343 1434 ἐπίμηκες
384 1384 445 1424 καὶ
477 1387 601 1424 λεῖον.
643 1386 691 1424 τὰ
722 1385 764 1423 δὲ
795 1383 878 1436 ἔρια
911 1384 1009 1424 αὐτὰ
1043 1384 1106 1423 ἐπὶ
1139 1385 1205 1433 τῆς
1233 1381 1441 1432 ἠλακάτης.
1478 1382 1694 1432 “ἠλάκατα

165 1449 372 1502 στρωφῶσ’
396 1450 689 1503 ἃλιπόρφυρα.”
720 1450 818 1503 (Od.
841 1456 873 1499 ζ,
902 1451 1012 1504 153.)
1046 1450 1108 1490 καὶ
1140 1450 1195 1489 ἔτι
1217 1449 1314 1502 (0(1.
1338 1466 1378 1499 σ,
1400 1450 1517 1503 314.)
1545 1454 1568 1471 “
1585 1449 1629 1489 τὸ
1653 1452 1694 1490 δὲ

164 1516 252 1568 παρ’
276 1517 456 1567 ἠλάκατα
477 1517 807 1569 στροφαλίζεται”
829 1517 1008 1572 (corrige
1033 1517 1078 1572 τῇ
1101 1518 1143 1556 δὲ
1167 1515 1256 1568 παρ’
1278 1515 1456 1566 ἠλάκατα
1477 1518 1693 1568 στροφαλί-

164 1586 279 1637 ζετε).
313 1584 426 1637 λέγει
457 1586 499 1625 δὲ
532 1584 594 1624 καὶ
623 1587 776 1637 χρυσῆν
807 1585 878 1634 τὴν
907 1584 1120 1634 ἠλακάτην.
1155 1583 1254 1634 (Od.
1280 1586 1312 1631 ὃ,
1340 1585 1451 1636 130.)
1478 1584 1637 1635 “χωρῖς
1662 1583 1693 1624 δ’

165 1650 246 1691 αὖθ’
268 1650 416 1706 “Ελε’νῃ
448 1653 597 1704 ἄλοχος
628 1651 777 1703 (codex
809 1652 975 1704 ἄλοχον)
1000 1652 1094 1702 πόρε
1128 1649 1302 1700 κάλλιμα
1333 1652 1448 1701 δῶρα,
1480 1653 1633 1702 χρυσῆν
1664 1667 1684 1690 τ

163 1717 364 1768 ἠλακάτην
395 1717 567 1769 τάλαρόν
597 1716 628 1757 θ’
660 1719 881 1758 ὑπόκυκλον
910 1717 1130 1757 ὄπασσεν.”
1173 1717 1236 1757 καὶ
1269 1717 1292 1766 ἡ
1323 1717 1622 1769 χρυσηλάκατος
1653 1719 1695 1757 δὲ

160 1782 344 1836 Ἀρτεμις
365 1785 441 1824 ἀπὸ
464 1787 529 1835 τῆς
550 1785 777 1835 ὁμοιότητος
800 1784 860 1823 καὶ
881 1787 945 1834 τῆς
968 1786 1205 1833 κατασκευῆς
1234 1786 1299 1832 τῆς
1324 1783 1519 1834 ἠλακάτης
1549 1786 1695 1834 εἵρηται

165 1857 341 1906 χρυσοῦν
362 1855 477 1903 τόξον
507 1854 667 1906 ἔχουσα.
703 1852 772 1904 (ΙΙ.
793 1870 828 1903 υ,
853 1853 940 1904 70.)
967 1851 1112 1907 ““Ηρῃ
1144 1851 1174 1891 δ’
1198 1852 1342 1901 ἀνέστη
1366 1853 1488 1904 (corr.
1513 1852 1696 1905 ἀντέστη)

165 1920 464 1973 χρυσηλάκατος
503 1920 706 1970 κελαδεινὴ
738 1919 923 1971 ’Ἄρτεμις
964 1919 1199 1972 ἰοχέαιρα.”;
1219 1943 1270 1949 -—
1287 1920 1342 1958 T.
1406 1918 1530 1959 Prior
1569 1919 1695 1972 hujus

167 1987 311 2027 scholii
342 2002 441 2041 pars
474 2001 604 2041 usque
635 1987 689 2027 ad
717 1988 968 2039 ἁλιπόρφυρα
998 1986 1152 2041 legitur
1184 1985 1329 2025 iisdem
1364 1985 1450 2026 fere
1484 1986 1620 2026 verbis
1654 1986 1696 2026 in

168 2054 339 2106 H.P.Q.
362 2054 417 2095 ad
439 2072 474 2104 η,
502 2065 592 2109 105.
614 2067 768 2109 p.332‚
794 2054 855 2094 18.

229 2124 322 2171 186,
346 2136 384 2176 3.
408 2122 455 2163 ὃν
477 2124 655 2175 ἀλλαχοῦ
676 2136 759 2162 0111.
783 2123 837 2162 T.
860 2122 900 2161 in
924 2120 1086 2162 lacuna.

229 2191 322 2240 186,
345 2204 386 2243 4.
409 2189 690 2245 ἆνάκλιντρον]
714 2189 924 2230 ἀνάκλιτον
947 2190 1003 2228 T.

228 2257 321 2306 186,
339 2271 403 2298 10.
424 2257 564 2312 Θήβῃς
580 2273 588 2297 :
621 2261 704 2299 ταῖς
720 2256 890 2307 Θήβαις.
925 2259 1061 2307 Θῆβαι
1082 2257 1124 2296 δὲ
1140 2257 1535 2299 πόλις-Διόσπολις
1553 2273 1627 2296 :-—
1640 2257 1695 2296 T.

230 2325 326 2374 186,
348 2337 411 2365 21.
437 2324 505 2364 Ad
521 2339 558 2364 v.
581 2338 670 2379 130.
697 2323 894 2374 κάλλιμαε
927 2324 1031 2376 ἄγαν
1055 2323 1154 2363 καλά
1173 2340 1180 2364 :
1196 2348 1251 2352 —
1268 2324 1321 2363 T.

231 2393 321 2442 187,
343 2406 383 2446 5.
415 2390 780 2446 φιλοκαλουμένου]
804 2390 1071 2442 φικαλυμένου
1094 2390 1188 2443 (Sic)
1216 2391 1279 2431 .M.
1331 2391 1452 2442 Quod
1479 2397 1694 2443 πεφιλοκα-

168 2459 339 2511 λημένου
361 2473 450 2500 esse
470 2463 628 2512 potest,
650 2458 761 2512 quod
781 2457 940 2512 legitur
960 2458 1071 2511 apud
1095 2457 1294 2498 Eustath.
1317 2473 1358 2513 p.
1382 2460 1506 2511 1489,
1529 2472 1569 2512 3.

231 2526 327 2575 188,
349 2538 389 2579 5.
412 2523 726 2579 ταλασίφρονος]
753 2524 847 2563 Hoc
869 2539 920 2564 ex
943 2539 980 2563 v.
1002 2536 1094 2574 241.

232 2605 324 2646 193,
348 2605 416 2647 30.
449 2593 486 2631 οἱ
506 2590 841 2645 γλωσσογράφοι]
877 2590 1079 2630 Similiter
1100 2591 1228 2631 schol.
1254 2591 1303 2631 Il.
1327 2609 1362 2642 η,
1390 2603 1482 2645 231.
1507 2592 1544 2630 οἱ
1564 2595 1696 2642 γλωσ-

171 2659 368 2712 σογράφοι
399 2658 442 2698 τὸ
469 2661 567 2698 τοῖοι
589 2658 674 2697 ἀντὶ
703 2661 770 2696 τοῦ
793 2658 944 2708 ἀγαθοί*
976 2658 1069 2697 ὅθεν
1092 2658 1152 2697 καὶ
1175 2659 1434 2710 Καλλίμαχος
1464 2658 1515 2711 τῷ
1540 2661 1566 2678 “
1584 2656 1697 2695 τοίων

171 2731 233 2769 δεῖ
253 2730 366 2780 (nam
397 2726 454 2766 sic
486 2740 562 2781 pro
585 2726 648 2765 ἀεί
667 2724 850 2765 correxit,
871 2724 1058 2765 Meinek.
1084 2725 1253 2766 Vindio.
1276 2726 1474 2767 strabon.
1498 2741 1537 2779 p.
1556 2737 1601 2763 21
1622 2720 1698 2774 1.)““

173 2795 371 2848 κέχρηται.

235 2875 328 2915 194,
349 2874 413 2902 12.
437 2859 630 2915 περισπᾷ]
656 2859 752 2899 Hoc
774 2858 837 2899 vel
858 2858 1018 2899 dictum
1040 2858 1103 2899 vel
1129 2859 1183 2900 ab
1204 2859 1377 2899 librario
1399 2857 1600 2911 scriptum
1622 2870 1697 2909 pro

173 2927 437 2981 προπερισπᾷ,
460 2926 572 2981 quod
594 2931 659 2967 est
680 2925 792 2980 apud
815 2925 1088 2966 Eustathium
1109 2940 1148 2979 p.
1169 2938 1290 2979 1493,
1311 2937 1376 2977 29.

873 3004 896 3045 3
922 3007 947 3030 D
971 3004 993 3033 2
