1956 3239
1655 103 1675 141 55(

707 101 1128 143 APPENDIX.
1593 103 1657 144 75.

215 224 307 264 170,
329 216 394 254 26.
419 215 599 266 ἀνδρείας
619 229 700 255 om.
724 216 771 256 T.
795 216 837 255 in
858 216 940 256 fine
962 216 1092 256 lineae.

213 291 307 331 170,
332 292 395 333 27.
419 283 486 324 τὰς
506 281 631 331 τάξεις
651 286 727 322 τῶν
748 284 948 332 πολεμίων
969 283 1017 323 Τ.

214 356 304 398 171,
329 361 366 401 9.
389 346 638 404 Ἐχέμηλον]
663 348 809 402 ἐχέμον
830 350 927 403 (Sic)
951 350 999 390 Τ.

212 426 302 467 171,
331 428 393 455 10.
419 414 623 471 Πέλοπος]
649 420 866 469 Πελασγοῦ
886 417 933 457 Τ.

209 491 302 534 171,
327 493 389 523 12.
412 483 736 539 τῆλε-ἡλικίας]
761 485 1063 534 τηλοῦ-οἰκίας
1084 485 1130 524 Τ.

209 557 300 600 171,
321 562 383 603 13.
408 550 641 605 yevo'paeevos]
665 551 791 592 Adde
812 556 900 594 παῖς
921 566 972 593 ex
993 552 1042 592 T.

203 615 416 672 τεκνῶσαι]
441 621 631 670 γεννῆσαι
651 619 699 659 Τ.

207 694 301 736 171,
328 697 391 736 14.
414 687 477 725 διὰ
499 685 694 728 τὸ-παῖς
715 700 795 726 om.
818 686 866 726 T.

207 763 298 802 171,
323 764 386 804 15.
407 751 665 808 Τηλέμαχος]
691 754 711 792 ὁ
732 751 955 807 τηλέμαχος
976 754 1023 794 Τ.

198 815 467 870 Ἀγαμέμνονι
481 834 489 859 t
505 843 560 850 —
575 819 622 861 Τ.

205 895 297 937 171,
322 895 389 939 25.
418 884 913 941 Ἑλένῃ-γενεαλογοῦσι
937 887 1067 928 habet
1094 887 1142 927 T.
1174 887 1283 929 infra
1313 903 1353 942 p.
1384 897 1473 940 174,
1502 902 1540 941 9.
1571 891 1668 941 post

141 951 305 1002 ἀνδρῶν.

203 1028 297 1071 171,
320 1021 383 1060 26.
406 1018 429 1070 ἢ
451 1021 515 1060 ἵνα
537 1020 583 1071 ἐξ
601 1035 682 1061 om.
706 1022 752 1062 T.
776 1021 817 1061 in
838 1021 1001 1062 lacuna.

203 1098 296 1138 172,
321 1099 357 1127 2.
380 1089 500 1140 γόνον
519 1088 572 1139 μὴ
594 1088 695 1145 σχῇ]
718 1090 769 1140 μὴ
792 1092 869 1144 σχῇ
891 1093 1011 1130 παῖδα
1032 1090 1080 1130 Τ.

196 1153 239 1193 δὲ
260 1167 339 1193 om.
364 1154 411 1194 T.

201 1233 293 1272 172,
315 1230 356 1275 5.
381 1222 521 1278 ἔσχεν]
547 1223 680 1264 ἔτεκον
701 1223 794 1277 (sio)
816 1225 864 1264 T.

199 1298 294 1341 172,
317 1298 353 1341 7.
376 1289 472 1345 γὰρ]
497 1291 540 1330 δὲ
560 1290 690 1332 etiam
712 1292 759 1333 T.

200 1365 294 1409 173,
312 1357 350 1396 6.
382 1358 559 1410 γείτονες
588 1359 661 1409 μὲν
684 1362 754 1399 νῦν
781 1360 818 1399 οἱ
847 1359 1135 1411 ἀστυγείτονες,
1160 1358 1241 1399 ἔται
1270 1359 1311 1398 δὲ
1339 1361 1483 1410 ψιλῶς,
1507 1356 1554 1398 ἵν’
1575 1356 1598 1412 ᾖ
1629 1359 1666 1397 οἱ

137 1426 295 1464 πολῖται
310 1439 318 1464 :
336 1449 394 1454 -—
407 1425 455 1465 T.

198 1501 294 1545 173,
313 1506 351 1545 9.
374 1490 424 1547 ε’]
449 1497 552 1544 τρεῖς
573 1493 620 1533 Τ.

194 1559 351 1601 τούτους
370 1559 500 1601 habet
522 1561 582 1611 T„
606 1576 689 1601 non
711 1561 888 1611 omittit,
912 1562 1024 1616 quod
1040 1564 1066 1602 a
1088 1561 1275 1602 Prellero
1298 1560 1495 1600 inductus
1512 1559 1598 1599 dixi
1620 1560 1663 1600 in

135 1626 412 1668 annotatione
433 1643 472 1682 p.
492 1638 585 1682 174.

197 1703 290 1746 174,
313 1707 348 1735 1.
370 1694 445 1746 γάρ
468 1695 572 1750 ἐστι]
595 1698 668 1748 γὰρ
691 1697 842 1748 γίνεται
864 1696 912 1737 T.

198 1771 288 1813 174,
309 1774 347 1815 3.
370 1761 441 1801 Ad
462 1776 500 1802 v.
523 1763 586 1803 18.
609 1763 728 1803 futile
750 1778 802 1803 ex
824 1763 873 1803 E.
898 1763 1085 1804 scholion
1105 1763 1237 1804 edidit
1262 1763 1416 1812 Maius,
1440 1764 1660 1815 φορμίζων;

135 1830 341 1881 προοιμίζω
371 1830 433 1869 καὶ
463 1832 583 1881 τροπῇ
615 1834 682 1870 τοῦ
703 1847 731 1871 π
753 1832 806 1874 εἰς
833 1837 864 1883 φ
893 1833 1092 1884 φροιμίζω,
1124 1832 1186 1872 καὶ
1214 1830 1424 1882 μεταθέσει
1454 1835 1522 1871 τοῦ
1548 1848 1569 1882 ρ
1600 1831 1661 1871 καὶ

135 1897 286 1952 ἐκβολῇ
308 1899 376 1936 τοῦ
399 1913 411 1936 ι
431 1898 619 1949 φορμίζω.

196 1974 290 2016 174,
309 1964 346 2004 8.
370 1966 390 2004 ὁ
413 1963 617 2018 ὑπερέχων
639 1967 682 2005 ἐν
704 1965 919 2017 θεράπουσι
940 1966 1069 2007 etiam
1090 1967 1137 2006 Τ.

194 2041 288 2083 174,
312 2045 352 2086 9.
377 2032 437 2072 καὶ
459 2031 763 2087 τιὸ-συβώτης]
789 2034 851 2073 καὶ
872 2038 938 2073 τοῦ
961 2034 1023 2074 ἐπὶ
1044 2037 1112 2073 τοῦ
1133 2034 1302 2084 σημότης
1325 2031 1421 2085 (Sic)
1447 2032 1494 2071 T.

190 2098 342 2150 ἀνδρῶν
357 2114 365 2139 :
378 2123 436 2130 —-
450 2099 497 2140 T.

195 2177 286 2219 174,
309 2168 348 2206 6.
372 2167 564 2220 ὀρχησταὶ
585 2168 788 2220 ὀρχοῦντο,
812 2167 1143 2220 περιεστρέφοντο
1160 2182 1239 2207 :—
1254 2166 1301 2206 T.

195 2243 287 2287 174,
309 2236 374 2274 16.
397 2233 505 2289 περὶ]
528 2234 603 2274 ὑπὸ
625 2235 672 2274 Τ.

195 2310 286 2353 174,
309 2301 373 2340 16.
398 2301 466 2340 Ad
490 2315 526 2341 v.
547 2314 612 2352 24.
636 2300 867 2354 ἀγγελέων;
899 2303 1077 2354 ὀφείλων
1099 2303 1339 2354 ἀπαγγεῖλαι
1355 2316 1362 2340 :
1380 2301 1496 2340 —T.

194 2379 285 2422 174,
307 2370 371 2410 18.
393 2371 505 2420 ξείνω
528 2369 573 2420 δή
594 2387 675 2410 τινε
696 2371 817 2411 τώδεῑ
853 2369 1158 2423 εἰσαγγέλλεται
1177 2371 1281 2421 μόνω
1302 2371 1408 2421 παρὰ
1424 2367 1525 2419 ξένω
1546 2386 1658 2419 μενε-

130 2435 228 2477 λάου
245 2435 342 2487 (Sic)
359 2438 422 2477 διὰ
437 2437 480 2477 τὸ
502 2440 876 2488 προβεβουλεῦσθαι
896 2437 970 2477 ὑπὸ
991 2436 1116 2487 ξένου.
1148 2435 1172 2487 ἢ
1188 2438 1247 2476 ὅτι
1269 2434 1576 2488 εἰσαγγέλλεται
1594 2438 1658 2476 διὰ

130 2505 174 2544 τὸ
196 2505 401 2555 ἠδικῆσθαι
421 2507 526 2556 παρὰ
547 2503 673 2554 ξένου.
705 2505 748 2545 τὸ
771 2507 813 2545 δὲ
840 2506 936 2546 τώδε
967 2506 1158 2546 δεικτικὸν
1189 2508 1334 2556 δηλοῦν
1364 2504 1435 2556 τὴν
1464 2506 1656 2557 ἐγγύτητα

131 2570 347 2611 αὐτῶνῑ-
362 2570 509 2611 ἄλλως.
540 2570 626 2610 ἀντὶ
646 2573 714 2609 τοῦ
735 2570 832 2621 πρὸς
853 2571 989 2611 ἄλλων
1004 2586 1013 2610 :
1029 2571 1135 2611 —T.

191 2647 285 2692 175,
306 2649 348 2689 4.
372 2636 523 2678 ἔϊκτοντ
557 2638 732 2677 ἐοίκασιν
747 2654 814 2677 :—
840 2638 886 2678 T.

191 2714 286 2759 175,
303 2705 342 2745 8.
365 2703 517 2760 φιλήσῃ
533 2721 541 2745 ε
574 2707 672 2759 φιλῇ
695 2704 756 2744 καὶ
775 2704 1006 2756 ὑποδέξηται
1023 2721 1030 2745 :
1048 2731 1101 2736 —
1116 2706 1162 2746 T.

193 2774 284 2825 176,
308 2786 342 2813 1.
363 2773 634 2825 τοῦμπροσθεν
651 2788 659 2812 ;
675 2796 732 2801 -
746 2773 794 2812 T.

192 2841 285 2892 176,
308 2852 371 2893 15.
393 2839 562 2894 ἄχυρον]
584 2839 734 2892 ἄχυλον
757 2839 804 2890 Q.

190 2907 286 2960 176,
308 2907 372 2948 18.
396 2906 570 2961 εἰσόδου]
594 2909 684 2948 ὁδοῦ
704 2907 754 2949 Τ.

854 2975 877 3016 3
902 2978 927 3002 D
