<?xml version="1.0" encoding="UTF-8"?>
<!DOCTYPE html PUBLIC "-//W3C//DTD XHTML 1.0 Transitional//EN"
    "http://www.w3.org/TR/xhtml1/DTD/xhtml1-transitional.dtd">
<html xmlns="http://www.w3.org/1999/xhtml" xml:lang="en" lang="en">
 <head>
  <title>
</title>
<meta http-equiv="Content-Type" content="text/html;charset=utf-8" />
  <meta name='ocr-system' content='tesseract 3.04.00' />
  <meta name='ocr-capabilities' content='ocr_page ocr_carea ocr_par ocr_line ocrx_word'/>
</head>
<body>
  <div class='ocr_page' id='page_1' title='image "./scholiagraeodyss02homeuoft_0392.png"; bbox 0 0 1956 3239; ppageno 0'>
   <div class='ocr_carea' id='block_1_1' title="bbox 304 93 1278 136">
    <p class='ocr_par' dir='ltr' id='par_1_1' title="bbox 304 93 1278 136">
     <span class='ocr_line' id='line_1_1' title="bbox 304 93 1278 136; baseline -0.001 -1"><span class='ocrx_word' id='word_1_1' title='bbox 304 95 387 136; x_wconf 78' lang='lat'>788</span> <span class='ocrx_word' id='word_1_2' title='bbox 855 93 1278 134; x_wconf 87' lang='lat' dir='ltr'><strong>APPENDIX.</strong></span> 
     </span>
    </p>
   </div>
   <div class='ocr_carea' id='block_1_2' title="bbox 304 198 1835 856">
    <p class='ocr_par' dir='ltr' id='par_1_2' title="bbox 304 198 1834 453">
     <span class='ocr_line' id='line_1_2' title="bbox 305 198 1834 253; baseline 0.001 -15"><span class='ocrx_word' id='word_1_3' title='bbox 305 199 356 238; x_wconf 89' lang='lat' dir='ltr'>de</span> <span class='ocrx_word' id='word_1_4' title='bbox 382 199 609 252; x_wconf 80' lang='grc' dir='ltr'>νυχθημέρῳ</span> <span class='ocrx_word' id='word_1_5' title='bbox 631 204 817 253; x_wconf 82' lang='lat' dir='ltr'>accepto.</span> <span class='ocrx_word' id='word_1_6' title='bbox 882 199 1079 240; x_wconf 83' lang='lat' dir='ltr'>Eustath.</span> <span class='ocrx_word' id='word_1_7' title='bbox 1103 215 1142 253; x_wconf 86' lang='lat' dir='ltr'>p.</span> <span class='ocrx_word' id='word_1_8' title='bbox 1164 200 1286 252; x_wconf 91' lang='lat'><em>1716,</em></span> <span class='ocrx_word' id='word_1_9' title='bbox 1309 200 1377 252; x_wconf 89' lang='lat'>56.</span> <span class='ocrx_word' id='word_1_10' title='bbox 1400 198 1443 238; x_wconf 85' lang='grc' dir='ltr'>τὸ</span> <span class='ocrx_word' id='word_1_11' title='bbox 1465 200 1507 240; x_wconf 75' lang='grc' dir='ltr'>δὲ</span> <span class='ocrx_word' id='word_1_12' title='bbox 1529 199 1589 240; x_wconf 73' lang='grc' dir='ltr'>ἐπ’</span> <span class='ocrx_word' id='word_1_13' title='bbox 1605 199 1722 251; x_wconf 87' lang='grc' dir='ltr'>ἤματι</span> <span class='ocrx_word' id='word_1_14' title='bbox 1746 199 1834 240; x_wconf 84' lang='grc' dir='ltr'>ἀντὶ</span> 
     </span>
     <span class='ocr_line' id='line_1_3' title="bbox 304 265 1833 320; baseline 0.001 -15"><span class='ocrx_word' id='word_1_15' title='bbox 304 269 372 307; x_wconf 83' lang='grc' dir='ltr'>τοῦ</span> <span class='ocrx_word' id='word_1_16' title='bbox 388 266 448 318; x_wconf 85' lang='grc' dir='ltr'>ἐφ’</span> <span class='ocrx_word' id='word_1_17' title='bbox 466 267 615 320; x_wconf 77' lang='grc' dir='ltr'>ἑκάστῳ</span> <span class='ocrx_word' id='word_1_18' title='bbox 634 266 936 320; x_wconf 80' lang='grc' dir='ltr'>νυχθημέρῳ,ὡς</span> <span class='ocrx_word' id='word_1_19' title='bbox 953 268 1136 319; x_wconf 80' lang='grc' dir='ltr'>γίνεσθαι</span> <span class='ocrx_word' id='word_1_20' title='bbox 1153 266 1323 317; x_wconf 82' lang='grc' dir='ltr'>ἑκάστην</span> <span class='ocrx_word' id='word_1_21' title='bbox 1340 267 1648 319; x_wconf 86' lang='grc' dir='ltr'>ἆναρροίβδησιν</span> <span class='ocrx_word' id='word_1_22' title='bbox 1663 265 1709 307; x_wconf 90' lang='grc' dir='ltr'>δι’</span> <span class='ocrx_word' id='word_1_23' title='bbox 1725 267 1833 318; x_wconf 84' lang='grc' dir='ltr'>ὡρῶν</span> 
     </span>
     <span class='ocr_line' id='line_1_4' title="bbox 304 331 1832 385; baseline 0 -13"><span class='ocrx_word' id='word_1_24' title='bbox 304 334 404 373; x_wconf 82' lang='grc' dir='ltr'>ὀκτὼ</span> <span class='ocrx_word' id='word_1_25' title='bbox 429 336 665 385; x_wconf 77' lang='grc' dir='ltr'>περιοδικῶς,</span> <span class='ocrx_word' id='word_1_26' title='bbox 690 334 739 376; x_wconf 83' lang='grc' dir='ltr'>ὡς</span> <span class='ocrx_word' id='word_1_27' title='bbox 760 334 1031 384; x_wconf 77' lang='grc' dir='ltr'>τεκμαίρονται</span> <span class='ocrx_word' id='word_1_28' title='bbox 1055 335 1091 373; x_wconf 88' lang='grc' dir='ltr'>οἱ</span> <span class='ocrx_word' id='word_1_29' title='bbox 1116 334 1280 373; x_wconf 83' lang='grc' dir='ltr'>παλαιοὶ</span> <span class='ocrx_word' id='word_1_30' title='bbox 1306 335 1348 373; x_wconf 85' lang='grc' dir='ltr'>ἐν</span> <span class='ocrx_word' id='word_1_31' title='bbox 1370 337 1449 375; x_wconf 81' lang='grc' dir='ltr'>τοῖς</span> <span class='ocrx_word' id='word_1_32' title='bbox 1476 335 1563 383; x_wconf 79' lang='grc' dir='ltr'>ἑξῆς</span> <span class='ocrx_word' id='word_1_33' title='bbox 1586 334 1676 385; x_wconf 86' lang='grc' dir='ltr'>περί</span> <span class='ocrx_word' id='word_1_34' title='bbox 1693 350 1768 373; x_wconf 87' lang='grc' dir='ltr'>που</span> <span class='ocrx_word' id='word_1_35' title='bbox 1789 331 1832 372; x_wconf 80' lang='grc' dir='ltr'>τὸ</span> 
     </span>
     <span class='ocr_line' id='line_1_5' title="bbox 305 399 740 453; baseline 0.005 -15"><span class='ocrx_word' id='word_1_36' title='bbox 305 399 418 441; x_wconf 88' lang='grc' dir='ltr'>τέλος</span> <span class='ocrx_word' id='word_1_37' title='bbox 438 403 504 449; x_wconf 82' lang='grc' dir='ltr'>τῆς</span> <span class='ocrx_word' id='word_1_38' title='bbox 524 401 740 453; x_wconf 79' lang='grc' dir='ltr'>ῥαψῳδίας.</span> 
     </span>
    </p>

    <p class='ocr_par' dir='ltr' id='par_1_3' title="bbox 362 465 1542 519">
     <span class='ocr_line' id='line_1_6' title="bbox 362 465 1542 519; baseline -0.001 -12"><span class='ocrx_word' id='word_1_39' title='bbox 362 480 458 519; x_wconf 84' lang='grc'><em>540,</em></span> <span class='ocrx_word' id='word_1_40' title='bbox 480 479 545 507; x_wconf 81' lang='lat'>21.</span> <span class='ocrx_word' id='word_1_41' title='bbox 569 469 588 506; x_wconf 87' lang='grc' dir='ltr'><em>ὁ</em></span> <span class='ocrx_word' id='word_1_42' title='bbox 610 481 690 506; x_wconf 87' lang='lat' dir='ltr'>om.</span> <span class='ocrx_word' id='word_1_43' title='bbox 715 467 762 517; x_wconf 79' lang='lat' dir='ltr'>Q.</span> <span class='ocrx_word' id='word_1_44' title='bbox 786 470 829 506; x_wconf 88' lang='lat' dir='ltr'>et</span> <span class='ocrx_word' id='word_1_45' title='bbox 850 466 1031 506; x_wconf 83' lang='lat' dir='ltr'>fortasse</span> <span class='ocrx_word' id='word_1_46' title='bbox 1054 465 1110 505; x_wconf 90' lang='lat' dir='ltr'>H.</span> <span class='ocrx_word' id='word_1_47' title='bbox 1173 465 1355 507; x_wconf 75' lang='lat' dir='ltr'>Addidit</span> <span class='ocrx_word' id='word_1_48' title='bbox 1378 466 1542 507; x_wconf 85' lang='lat' dir='ltr'>Buttm.</span> 
     </span>
    </p>

    <p class='ocr_par' dir='ltr' id='par_1_4' title="bbox 307 533 1831 654">
     <span class='ocr_line' id='line_1_7' title="bbox 362 533 1831 586; baseline 0.001 -14"><span class='ocrx_word' id='word_1_49' title='bbox 362 546 460 586; x_wconf 85' lang='lat'>541,</span> <span class='ocrx_word' id='word_1_50' title='bbox 488 547 553 573; x_wconf 82' lang='lat'>20.</span> <span class='ocrx_word' id='word_1_51' title='bbox 590 535 826 584; x_wconf 79' lang='grc' dir='ltr'>Κραταίϊδος</span> <span class='ocrx_word' id='word_1_52' title='bbox 861 535 918 584; x_wconf 77' lang='grc' dir='ltr'>δὲ]</span> <span class='ocrx_word' id='word_1_53' title='bbox 979 533 1108 586; x_wconf 90' lang='lat' dir='ltr'>Apud</span> <span class='ocrx_word' id='word_1_54' title='bbox 1147 533 1391 573; x_wconf 84' lang='lat' dir='ltr'>Cramerum</span> <span class='ocrx_word' id='word_1_55' title='bbox 1429 541 1581 586; x_wconf 79' lang='grc' dir='ltr'>κραταιϊ</span> <span class='ocrx_word' id='word_1_56' title='bbox 1614 535 1637 584; x_wconf 83' lang='grc' dir='ltr'>ἡ</span> <span class='ocrx_word' id='word_1_57' title='bbox 1673 550 1740 575; x_wconf 86' lang='grc' dir='ltr'>τας</span> <span class='ocrx_word' id='word_1_58' title='bbox 1776 535 1831 573; x_wconf 85' lang='grc' dir='ltr'>δε.</span> 
     </span>
     <span class='ocr_line' id='line_1_8' title="bbox 307 599 1383 654; baseline 0 -14"><span class='ocrx_word' id='word_1_59' title='bbox 307 600 439 641; x_wconf 86' lang='lat' dir='ltr'>Recte</span> <span class='ocrx_word' id='word_1_60' title='bbox 465 601 696 640; x_wconf 77' lang='lat' dir='ltr'>Muellerus</span> <span class='ocrx_word' id='word_1_61' title='bbox 720 599 891 653; x_wconf 79' lang='lat' dir='ltr'>Fragm.</span> <span class='ocrx_word' id='word_1_62' title='bbox 916 599 1031 639; x_wconf 89' lang='lat' dir='ltr'>Hist.</span> <span class='ocrx_word' id='word_1_63' title='bbox 1058 599 1136 639; x_wconf 85' lang='lat' dir='ltr'>vol.</span> <span class='ocrx_word' id='word_1_64' title='bbox 1159 613 1198 650; x_wconf 86' lang='lat'>4.</span> <span class='ocrx_word' id='word_1_65' title='bbox 1223 614 1261 653; x_wconf 92' lang='lat' dir='ltr'>p.</span> <span class='ocrx_word' id='word_1_66' title='bbox 1283 612 1383 654; x_wconf 88' lang='lat'>495.</span> 
     </span>
    </p>

    <p class='ocr_par' dir='ltr' id='par_1_5' title="bbox 363 666 907 721">
     <span class='ocr_line' id='line_1_9' title="bbox 363 666 907 721; baseline -0.004 -14"><span class='ocrx_word' id='word_1_67' title='bbox 363 677 462 721; x_wconf 76' lang='lat'>543,</span> <span class='ocrx_word' id='word_1_68' title='bbox 483 681 544 706; x_wconf 90' lang='lat'>10.</span> <span class='ocrx_word' id='word_1_69' title='bbox 568 666 684 721; x_wconf 78' lang='grc' dir='ltr'>ἀτὰρ]</span> <span class='ocrx_word' id='word_1_70' title='bbox 709 667 828 717; x_wconf 77' lang='grc' dir='ltr'>αὐτὰρ</span> <span class='ocrx_word' id='word_1_71' title='bbox 851 666 907 706; x_wconf 90' lang='lat' dir='ltr'>H.</span> 
     </span>
    </p>

    <p class='ocr_par' dir='ltr' id='par_1_6' title="bbox 361 735 988 788">
     <span class='ocr_line' id='line_1_10' title="bbox 361 735 988 788; baseline 0 -15"><span class='ocrx_word' id='word_1_72' title='bbox 361 746 460 788; x_wconf 88' lang='lat'>544,</span> <span class='ocrx_word' id='word_1_73' title='bbox 483 744 545 786; x_wconf 85' lang='lat'>17.</span> <span class='ocrx_word' id='word_1_74' title='bbox 571 736 728 786; x_wconf 80' lang='grc' dir='ltr'>ἐρετῶν]</span> <span class='ocrx_word' id='word_1_75' title='bbox 754 735 922 785; x_wconf 83' lang='grc' dir='ltr'>ἐρετμῶν</span> <span class='ocrx_word' id='word_1_76' title='bbox 945 737 988 773; x_wconf 89' lang='grc' dir='ltr'><strong>Β.</strong></span> 
     </span>
    </p>

    <p class='ocr_par' dir='ltr' id='par_1_7' title="bbox 362 800 1835 856">
     <span class='ocr_line' id='line_1_11' title="bbox 362 800 1835 856; baseline 0 -14"><span class='ocrx_word' id='word_1_77' title='bbox 362 813 460 856; x_wconf 87' lang='lat'><em>545,</em></span> <span class='ocrx_word' id='word_1_78' title='bbox 482 804 545 843; x_wconf 87' lang='lat'>26.</span> <span class='ocrx_word' id='word_1_79' title='bbox 572 801 758 842; x_wconf 84' lang='lat' dir='ltr'>Exhibui</span> <span class='ocrx_word' id='word_1_80' title='bbox 780 800 1033 855; x_wconf 79' lang='lat' dir='ltr'>scripturam</span> <span class='ocrx_word' id='word_1_81' title='bbox 1056 800 1212 841; x_wconf 84' lang='lat' dir='ltr'>codicis</span> <span class='ocrx_word' id='word_1_82' title='bbox 1232 800 1289 841; x_wconf 92' lang='lat' dir='ltr'>H.</span> <span class='ocrx_word' id='word_1_83' title='bbox 1346 800 1396 840; x_wconf 92' lang='lat' dir='ltr'>In</span> <span class='ocrx_word' id='word_1_84' title='bbox 1415 800 1544 841; x_wconf 88' lang='lat' dir='ltr'>Vind.</span> <span class='ocrx_word' id='word_1_85' title='bbox 1567 815 1675 856; x_wconf 62' lang='lat'>133„</span> <span class='ocrx_word' id='word_1_86' title='bbox 1692 801 1736 841; x_wconf 93' lang='lat' dir='ltr'>in</span> <span class='ocrx_word' id='word_1_87' title='bbox 1752 815 1835 855; x_wconf 89' lang='lat' dir='ltr'>quo</span> 
     </span>
    </p>
   </div>
   <div class='ocr_carea' id='block_1_3' title="bbox 304 866 1906 922">
    <p class='ocr_par' dir='ltr' id='par_1_8' title="bbox 304 866 1906 922">
     <span class='ocr_line' id='line_1_12' title="bbox 304 866 1906 922; baseline 0.001 -14"><span class='ocrx_word' id='word_1_88' title='bbox 304 869 385 910; x_wconf 90' lang='lat' dir='ltr'>hoc</span> <span class='ocrx_word' id='word_1_89' title='bbox 407 868 592 909; x_wconf 82' lang='lat' dir='ltr'>scholion</span> <span class='ocrx_word' id='word_1_90' title='bbox 614 883 709 909; x_wconf 87' lang='lat' dir='ltr'>cum</span> <span class='ocrx_word' id='word_1_91' title='bbox 733 868 1000 922; x_wconf 73' lang='lat' dir='ltr'>praecedente</span> <span class='ocrx_word' id='word_1_92' title='bbox 1023 868 1190 916; x_wconf 74' lang='lat' dir='ltr'>coaluit,</span> <span class='ocrx_word' id='word_1_93' title='bbox 1215 867 1434 921; x_wconf 88' lang='lat' dir='ltr'>scriptum,</span> <span class='ocrx_word' id='word_1_94' title='bbox 1454 866 1477 918; x_wconf 79' lang='grc' dir='ltr'>ἢ</span> <span class='ocrx_word' id='word_1_95' title='bbox 1497 868 1599 920; x_wconf 83' lang='grc' dir='ltr'>ῥῆμά</span> <span class='ocrx_word' id='word_1_96' title='bbox 1620 870 1729 908; x_wconf 83' lang='grc' dir='ltr'>ἐστιν</span> <span class='ocrx_word' id='word_1_97' title='bbox 1749 868 1835 909; x_wconf 82' lang='grc' dir='ltr'>ἀντὶ</span> <span class='ocrx_word' id='word_1_98' title='bbox 1902 869 1906 872; x_wconf 81' lang='grc'><strong>’</strong></span> 
     </span>
    </p>
   </div>
   <div class='ocr_carea' id='block_1_4' title="bbox 304 935 1837 2133">
    <p class='ocr_par' dir='ltr' id='par_1_9' title="bbox 304 935 1836 1057">
     <span class='ocr_line' id='line_1_13' title="bbox 304 935 1836 989; baseline 0.001 -12"><span class='ocrx_word' id='word_1_99' title='bbox 304 940 373 977; x_wconf 83' lang='grc' dir='ltr'>τοῦ</span> <span class='ocrx_word' id='word_1_100' title='bbox 395 937 487 986; x_wconf 79' lang='grc' dir='ltr'><em>ἕπω,</em></span> <span class='ocrx_word' id='word_1_101' title='bbox 510 936 554 976; x_wconf 84' lang='grc' dir='ltr'>τὸ</span> <span class='ocrx_word' id='word_1_102' title='bbox 582 937 761 989; x_wconf 85' lang='grc' dir='ltr'>δεύτερον</span> <span class='ocrx_word' id='word_1_103' title='bbox 784 937 901 985; x_wconf 85' lang='grc' dir='ltr'>ἕπεις,</span> <span class='ocrx_word' id='word_1_104' title='bbox 924 936 967 976; x_wconf 88' lang='grc' dir='ltr'>τὸ</span> <span class='ocrx_word' id='word_1_105' title='bbox 989 935 1025 988; x_wconf 84' lang='grc' dir='ltr'>γ’</span> <span class='ocrx_word' id='word_1_106' title='bbox 1044 936 1142 985; x_wconf 81' lang='grc' dir='ltr'>ἕπει,</span> <span class='ocrx_word' id='word_1_107' title='bbox 1166 937 1250 976; x_wconf 82' lang='grc' dir='ltr'>ἀντὶ</span> <span class='ocrx_word' id='word_1_108' title='bbox 1272 938 1339 976; x_wconf 84' lang='grc' dir='ltr'>τοῦ</span> <span class='ocrx_word' id='word_1_109' title='bbox 1365 935 1552 987; x_wconf 84' lang='grc' dir='ltr'>περιέπει.</span> <span class='ocrx_word' id='word_1_110' title='bbox 1616 937 1836 985; x_wconf 83' lang='grc' dir='ltr'>Ζηνόδοτος</span> 
     </span>
     <span class='ocr_line' id='line_1_14' title="bbox 307 1003 632 1057; baseline 0 -13"><span class='ocrx_word' id='word_1_111' title='bbox 307 1005 350 1044; x_wconf 82' lang='grc' dir='ltr'>δὲ</span> <span class='ocrx_word' id='word_1_112' title='bbox 369 1003 516 1056; x_wconf 84' lang='grc' dir='ltr'>γράφει</span> <span class='ocrx_word' id='word_1_113' title='bbox 536 1004 632 1057; x_wconf 81' lang='grc' dir='ltr'>ἔχει.</span> 
     </span>
    </p>

    <p class='ocr_par' dir='ltr' id='par_1_10' title="bbox 363 1069 1604 1125">
     <span class='ocr_line' id='line_1_15' title="bbox 363 1069 1604 1125; baseline 0 -15"><span class='ocrx_word' id='word_1_114' title='bbox 363 1073 462 1125; x_wconf 87' lang='grc'><em>546,</em></span> <span class='ocrx_word' id='word_1_115' title='bbox 483 1083 548 1123; x_wconf 81' lang='lat'>29.</span> <span class='ocrx_word' id='word_1_116' title='bbox 566 1083 632 1123; x_wconf 77' lang='lat'>30.</span> <span class='ocrx_word' id='word_1_117' title='bbox 656 1081 753 1124; x_wconf 86' lang='lat'>547,</span> <span class='ocrx_word' id='word_1_118' title='bbox 776 1082 812 1124; x_wconf 83' lang='lat'>7.</span> <span class='ocrx_word' id='word_1_119' title='bbox 836 1070 1071 1122; x_wconf 83' lang='grc' dir='ltr'>πλήμμυραν</span> <span class='ocrx_word' id='word_1_120' title='bbox 1093 1069 1237 1124; x_wconf 80' lang='lat' dir='ltr'>scripsi</span> <span class='ocrx_word' id='word_1_121' title='bbox 1259 1084 1335 1124; x_wconf 87' lang='lat' dir='ltr'>pro</span> <span class='ocrx_word' id='word_1_122' title='bbox 1357 1071 1604 1121; x_wconf 86' lang='grc' dir='ltr'>πλημμύραν.</span> 
     </span>
    </p>

    <p class='ocr_par' dir='ltr' id='par_1_11' title="bbox 306 1136 1836 1326">
     <span class='ocr_line' id='line_1_16' title="bbox 364 1136 1835 1192; baseline -0.001 -14"><span class='ocrx_word' id='word_1_123' title='bbox 364 1149 461 1191; x_wconf 74' lang='grc'><em>547,</em></span> <span class='ocrx_word' id='word_1_124' title='bbox 483 1151 495 1177; x_wconf 87' lang='grc' dir='ltr'>Ι</span> <span class='ocrx_word' id='word_1_125' title='bbox 505 1151 543 1191; x_wconf 84' lang='lat'>3.</span> <span class='ocrx_word' id='word_1_126' title='bbox 573 1136 1045 1191; x_wconf 79' lang='grc' dir='ltr'>κυανέη-κυανιζομένη]</span> <span class='ocrx_word' id='word_1_127' title='bbox 1082 1136 1534 1192; x_wconf 83' lang='grc' dir='ltr'>κυανέῃ-κυανιζομένῃ</span> <span class='ocrx_word' id='word_1_128' title='bbox 1566 1136 1674 1178; x_wconf 87' lang='lat' dir='ltr'>Maii</span> <span class='ocrx_word' id='word_1_129' title='bbox 1704 1136 1835 1178; x_wconf 82' lang='lat' dir='ltr'>editio</span> 
     </span>
     <span class='ocr_line' id='line_1_17' title="bbox 306 1204 1836 1258; baseline -0.001 -13"><span class='ocrx_word' id='word_1_130' title='bbox 306 1210 456 1245; x_wconf 82' lang='lat' dir='ltr'>contra</span> <span class='ocrx_word' id='word_1_131' title='bbox 486 1209 670 1245; x_wconf 78' lang='lat' dir='ltr'>mentem</span> <span class='ocrx_word' id='word_1_132' title='bbox 701 1204 952 1253; x_wconf 80' lang='lat' dir='ltr'>scholiastae,</span> <span class='ocrx_word' id='word_1_133' title='bbox 982 1209 1031 1244; x_wconf 85' lang='lat' dir='ltr'>ut</span> <span class='ocrx_word' id='word_1_134' title='bbox 1061 1208 1241 1258; x_wconf 78' lang='lat' dir='ltr'>apparet</span> <span class='ocrx_word' id='word_1_135' title='bbox 1272 1218 1323 1244; x_wconf 82' lang='lat' dir='ltr'>ex</span> <span class='ocrx_word' id='word_1_136' title='bbox 1348 1205 1496 1257; x_wconf 79' lang='grc' dir='ltr'>φοίνικι</span> <span class='ocrx_word' id='word_1_137' title='bbox 1525 1206 1699 1257; x_wconf 71' lang='grc' dir='ltr'>φαεινός,</span> <span class='ocrx_word' id='word_1_138' title='bbox 1723 1204 1836 1258; x_wconf 89' lang='lat' dir='ltr'>quod</span> 
     </span>
     <span class='ocr_line' id='line_1_18' title="bbox 308 1278 539 1326; baseline 0 -14"><span class='ocrx_word' id='word_1_139' title='bbox 308 1278 539 1326; x_wconf 81' lang='lat' dir='ltr'>comparat.</span> 
     </span>
    </p>

    <p class='ocr_par' dir='ltr' id='par_1_12' title="bbox 364 1339 832 1394">
     <span class='ocr_line' id='line_1_19' title="bbox 364 1339 832 1394; baseline -0.002 -14"><span class='ocrx_word' id='word_1_140' title='bbox 364 1353 465 1394; x_wconf 84' lang='lat'>547,</span> <span class='ocrx_word' id='word_1_141' title='bbox 487 1341 548 1380; x_wconf 91' lang='lat'>16.</span> <span class='ocrx_word' id='word_1_142' title='bbox 573 1339 731 1380; x_wconf 89' lang='lat' dir='ltr'>Addidi</span> <span class='ocrx_word' id='word_1_143' title='bbox 754 1343 832 1390; x_wconf 87' lang='grc' dir='ltr'>τῆς.</span> 
     </span>
    </p>

    <p class='ocr_par' dir='ltr' id='par_1_13' title="bbox 364 1406 1495 1461">
     <span class='ocr_line' id='line_1_20' title="bbox 364 1406 1495 1461; baseline 0 -14"><span class='ocrx_word' id='word_1_144' title='bbox 364 1408 461 1461; x_wconf 79' lang='grc'><em>548,</em></span> <span class='ocrx_word' id='word_1_145' title='bbox 481 1408 519 1447; x_wconf 86' lang='grc'><strong>6.</strong></span> <span class='ocrx_word' id='word_1_146' title='bbox 546 1406 814 1461; x_wconf 83' lang='grc' dir='ltr'>ἐκκρέμανται]</span> <span class='ocrx_word' id='word_1_147' title='bbox 838 1406 1079 1458; x_wconf 82' lang='grc' dir='ltr'>ἐκκρέμωντο</span> <span class='ocrx_word' id='word_1_148' title='bbox 1101 1406 1215 1460; x_wconf 86' lang='lat' dir='ltr'>apud</span> <span class='ocrx_word' id='word_1_149' title='bbox 1236 1406 1495 1447; x_wconf 76' lang='lat' dir='ltr'>Gramerum.</span> 
     </span>
    </p>

    <p class='ocr_par' dir='ltr' id='par_1_14' title="bbox 365 1473 856 1528">
     <span class='ocr_line' id='line_1_21' title="bbox 365 1473 856 1528; baseline 0.002 -15"><span class='ocrx_word' id='word_1_150' title='bbox 365 1475 462 1528; x_wconf 77' lang='grc'><em>548,</em></span> <span class='ocrx_word' id='word_1_151' title='bbox 482 1474 519 1514; x_wconf 87' lang='grc'><strong>8.</strong></span> <span class='ocrx_word' id='word_1_152' title='bbox 541 1474 626 1525; x_wconf 86' lang='grc' dir='ltr'>ἤτοι</span> <span class='ocrx_word' id='word_1_153' title='bbox 646 1488 727 1514; x_wconf 88' lang='lat' dir='ltr'>om.</span> <span class='ocrx_word' id='word_1_154' title='bbox 752 1473 856 1525; x_wconf 75' lang='lat' dir='ltr'>B.Q.</span> 
     </span>
    </p>

    <p class='ocr_par' dir='ltr' id='par_1_15' title="bbox 363 1540 1015 1596">
     <span class='ocr_line' id='line_1_22' title="bbox 363 1540 1015 1596; baseline -0.003 -15"><span class='ocrx_word' id='word_1_155' title='bbox 363 1542 462 1594; x_wconf 82' lang='grc'><em>548,</em></span> <span class='ocrx_word' id='word_1_156' title='bbox 483 1556 519 1595; x_wconf 88' lang='lat'>9.</span> <span class='ocrx_word' id='word_1_157' title='bbox 546 1540 722 1596; x_wconf 81' lang='grc' dir='ltr'>κέρατος]</span> <span class='ocrx_word' id='word_1_158' title='bbox 749 1540 888 1592; x_wconf 87' lang='grc' dir='ltr'>κέρατα</span> <span class='ocrx_word' id='word_1_159' title='bbox 909 1540 1015 1592; x_wconf 53' lang='grc' dir='ltr'><strong>ΒΩ.</strong></span> 
     </span>
    </p>

    <p class='ocr_par' dir='ltr' id='par_1_16' title="bbox 309 1607 1836 1715">
     <span class='ocr_line' id='line_1_23' title="bbox 363 1607 1836 1663; baseline 0.001 -15"><span class='ocrx_word' id='word_1_160' title='bbox 363 1609 460 1661; x_wconf 82' lang='grc'><em>548,</em></span> <span class='ocrx_word' id='word_1_161' title='bbox 481 1620 545 1648; x_wconf 86' lang='lat'>12.</span> <span class='ocrx_word' id='word_1_162' title='bbox 576 1607 773 1661; x_wconf 85' lang='grc' dir='ltr'>σπάρτον]</span> <span class='ocrx_word' id='word_1_163' title='bbox 807 1608 985 1659; x_wconf 84' lang='grc' dir='ltr'>σπάρτην</span> <span class='ocrx_word' id='word_1_164' title='bbox 1006 1607 1127 1659; x_wconf 79' lang='lat' dir='ltr'><strong>B.Q.‚</strong></span> <span class='ocrx_word' id='word_1_165' title='bbox 1160 1608 1239 1648; x_wconf 86' lang='lat' dir='ltr'>nisi</span> <span class='ocrx_word' id='word_1_166' title='bbox 1275 1608 1417 1662; x_wconf 84' lang='lat' dir='ltr'>potius</span> <span class='ocrx_word' id='word_1_167' title='bbox 1449 1623 1567 1650; x_wconf 80' lang='lat' dir='ltr'>error</span> <span class='ocrx_word' id='word_1_168' title='bbox 1601 1609 1836 1663; x_wconf 78' lang='lat' dir='ltr'>typothetae</span> 
     </span>
     <span class='ocr_line' id='line_1_24' title="bbox 309 1679 385 1715; baseline -0.026 0"><span class='ocrx_word' id='word_1_169' title='bbox 309 1679 385 1715; x_wconf 86' lang='lat' dir='ltr'>est.</span> 
     </span>
    </p>

    <p class='ocr_par' dir='ltr' id='par_1_17' title="bbox 363 1741 1466 1796">
     <span class='ocr_line' id='line_1_25' title="bbox 363 1741 1466 1796; baseline 0.001 -15"><span class='ocrx_word' id='word_1_170' title='bbox 363 1742 460 1795; x_wconf 89' lang='grc'><em>548,</em></span> <span class='ocrx_word' id='word_1_171' title='bbox 484 1744 544 1782; x_wconf 83' lang='grc'><strong>16.</strong></span> <span class='ocrx_word' id='word_1_172' title='bbox 565 1741 826 1794; x_wconf 85' lang='grc' dir='ltr'>Ἀμφίνομος]</span> <span class='ocrx_word' id='word_1_173' title='bbox 856 1742 1049 1793; x_wconf 85' lang='grc' dir='ltr'>ἀμφίομος</span> <span class='ocrx_word' id='word_1_174' title='bbox 1071 1742 1184 1796; x_wconf 79' lang='lat' dir='ltr'>apud</span> <span class='ocrx_word' id='word_1_175' title='bbox 1208 1741 1466 1783; x_wconf 80' lang='lat' dir='ltr'>Oramerum.</span> 
     </span>
    </p>

    <p class='ocr_par' dir='ltr' id='par_1_18' title="bbox 364 1808 979 1863">
     <span class='ocr_line' id='line_1_26' title="bbox 364 1808 979 1863; baseline 0 -15"><span class='ocrx_word' id='word_1_176' title='bbox 364 1822 462 1863; x_wconf 80' lang='lat'>549,</span> <span class='ocrx_word' id='word_1_177' title='bbox 481 1822 520 1863; x_wconf 88' lang='grc'><em>5.</em></span> <span class='ocrx_word' id='word_1_178' title='bbox 543 1809 594 1859; x_wconf 79' lang='grc' dir='ltr'>μὴ</span> <span class='ocrx_word' id='word_1_179' title='bbox 616 1808 691 1862; x_wconf 85' lang='grc' dir='ltr'>τοὶ]</span> <span class='ocrx_word' id='word_1_180' title='bbox 712 1808 763 1859; x_wconf 83' lang='grc' dir='ltr'>μή</span> <span class='ocrx_word' id='word_1_181' title='bbox 784 1825 849 1859; x_wconf 92' lang='grc' dir='ltr'>μοι</span> <span class='ocrx_word' id='word_1_182' title='bbox 871 1808 979 1859; x_wconf 77' lang='lat' dir='ltr'><strong>B.Q.</strong></span> 
     </span>
    </p>

    <p class='ocr_par' dir='ltr' id='par_1_19' title="bbox 365 1874 1202 1930">
     <span class='ocr_line' id='line_1_27' title="bbox 365 1874 1202 1930; baseline 0 -14"><span class='ocrx_word' id='word_1_183' title='bbox 365 1889 463 1930; x_wconf 85' lang='grc'><em>549,</em></span> <span class='ocrx_word' id='word_1_184' title='bbox 483 1888 549 1917; x_wconf 84' lang='lat'>21.</span> <span class='ocrx_word' id='word_1_185' title='bbox 572 1876 665 1916; x_wconf 88' lang='lat' dir='ltr'>Hoc</span> <span class='ocrx_word' id='word_1_186' title='bbox 688 1875 877 1916; x_wconf 79' lang='lat' dir='ltr'>scholion</span> <span class='ocrx_word' id='word_1_187' title='bbox 897 1889 981 1915; x_wconf 89' lang='lat' dir='ltr'>non</span> <span class='ocrx_word' id='word_1_188' title='bbox 1003 1874 1202 1930; x_wconf 68' lang='lat' dir='ltr'>intelligo</span> 
     </span>
    </p>

    <p class='ocr_par' dir='ltr' id='par_1_20' title="bbox 307 1943 1837 2133">
     <span class='ocr_line' id='line_1_28' title="bbox 364 1943 1837 1998; baseline 0.003 -16"><span class='ocrx_word' id='word_1_189' title='bbox 364 1952 462 1997; x_wconf 85' lang='lat'>550,</span> <span class='ocrx_word' id='word_1_190' title='bbox 487 1944 550 1983; x_wconf 85' lang='lat'>16.</span> <span class='ocrx_word' id='word_1_191' title='bbox 585 1943 708 1994; x_wconf 74' lang='lat' dir='ltr'>Quod</span> <span class='ocrx_word' id='word_1_192' title='bbox 740 1943 968 1984; x_wconf 79' lang='lat' dir='ltr'>scholiasta</span> <span class='ocrx_word' id='word_1_193' title='bbox 1000 1957 1052 1984; x_wconf 87' lang='lat' dir='ltr'>ex</span> <span class='ocrx_word' id='word_1_194' title='bbox 1085 1945 1355 1985; x_wconf 78' lang='lat' dir='ltr'>Anacreonte</span> <span class='ocrx_word' id='word_1_195' title='bbox 1388 1949 1608 1998; x_wconf 81' lang='lat' dir='ltr'>comparat</span> <span class='ocrx_word' id='word_1_196' title='bbox 1645 1947 1837 1996; x_wconf 82' lang='grc' dir='ltr'>αἰνοπαθῆ</span> 
     </span>
     <span class='ocr_line' id='line_1_29' title="bbox 307 2010 1836 2067; baseline 0.002 -17"><span class='ocrx_word' id='word_1_197' title='bbox 307 2010 459 2062; x_wconf 80' lang='grc' dir='ltr'>πατρίδ’</span> <span class='ocrx_word' id='word_1_198' title='bbox 478 2011 694 2062; x_wconf 81' lang='grc' dir='ltr'>ἐπόψομαι,</span> <span class='ocrx_word' id='word_1_199' title='bbox 718 2011 908 2051; x_wconf 86' lang='lat' dir='ltr'>Porsono</span> <span class='ocrx_word' id='word_1_200' title='bbox 939 2011 994 2051; x_wconf 83' lang='lat' dir='ltr'>ad</span> <span class='ocrx_word' id='word_1_201' title='bbox 1023 2011 1203 2052; x_wconf 76' lang='lat' dir='ltr'>alteram</span> <span class='ocrx_word' id='word_1_202' title='bbox 1233 2010 1276 2050; x_wconf 89' lang='lat' dir='ltr'>in</span> <span class='ocrx_word' id='word_1_203' title='bbox 1297 2025 1419 2051; x_wconf 86' lang='lat' dir='ltr'>versu</span> <span class='ocrx_word' id='word_1_204' title='bbox 1446 2011 1676 2052; x_wconf 91' lang='lat' dir='ltr'>Homerico</span> <span class='ocrx_word' id='word_1_205' title='bbox 1707 2012 1836 2067; x_wconf 86' lang='lat' dir='ltr'>scrip-</span> 
     </span>
     <span class='ocr_line' id='line_1_30' title="bbox 307 2077 1837 2133; baseline 0.003 -17"><span class='ocrx_word' id='word_1_206' title='bbox 307 2081 478 2131; x_wconf 81' lang='lat' dir='ltr'>pturam</span> <span class='ocrx_word' id='word_1_207' title='bbox 502 2080 570 2126; x_wconf 84' lang='grc' dir='ltr'>ζαῆ</span> <span class='ocrx_word' id='word_1_208' title='bbox 596 2077 861 2117; x_wconf 87' lang='lat' dir='ltr'>referendum</span> <span class='ocrx_word' id='word_1_209' title='bbox 881 2077 1117 2118; x_wconf 81' lang='lat' dir='ltr'>videbatur.</span> <span class='ocrx_word' id='word_1_210' title='bbox 1179 2077 1342 2117; x_wconf 83' lang='lat' dir='ltr'>Verum</span> <span class='ocrx_word' id='word_1_211' title='bbox 1365 2078 1580 2133; x_wconf 83' lang='lat' dir='ltr'>vulgarem</span> <span class='ocrx_word' id='word_1_212' title='bbox 1607 2078 1837 2120; x_wconf 84' lang='lat' dir='ltr'>accusativi</span> 
     </span>
    </p>
   </div>
   <div class='ocr_carea' id='block_1_5' title="bbox 238 2143 1836 2198">
    <p class='ocr_par' dir='ltr' id='par_1_21' title="bbox 238 2143 1836 2198">
     <span class='ocr_line' id='line_1_31' title="bbox 238 2143 1836 2198; baseline 0.003 -16"><span class='ocrx_word' id='word_1_213' title='bbox 238 2160 245 2166; x_wconf 91' lang='lat'><strong>·</strong></span> <span class='ocrx_word' id='word_1_214' title='bbox 306 2143 486 2184; x_wconf 74' lang='lat' dir='ltr'>formam</span> <span class='ocrx_word' id='word_1_215' title='bbox 507 2143 735 2184; x_wconf 78' lang='lat' dir='ltr'>scholiasta</span> <span class='ocrx_word' id='word_1_216' title='bbox 755 2143 825 2183; x_wconf 79' lang='lat' dir='ltr'>vix</span> <span class='ocrx_word' id='word_1_217' title='bbox 845 2143 985 2198; x_wconf 87' lang='lat' dir='ltr'>aliquo</span> <span class='ocrx_word' id='word_1_218' title='bbox 1007 2144 1198 2198; x_wconf 84' lang='lat' dir='ltr'>exemplo</span> <span class='ocrx_word' id='word_1_219' title='bbox 1220 2144 1523 2193; x_wconf 79' lang='lat' dir='ltr'>confirmasset,</span> <span class='ocrx_word' id='word_1_220' title='bbox 1545 2149 1594 2186; x_wconf 85' lang='lat' dir='ltr'>ut</span> <span class='ocrx_word' id='word_1_221' title='bbox 1614 2150 1729 2186; x_wconf 85' lang='lat' dir='ltr'>recte</span> <span class='ocrx_word' id='word_1_222' title='bbox 1749 2160 1836 2186; x_wconf 92' lang='lat' dir='ltr'>mo-</span> 
     </span>
    </p>
   </div>
   <div class='ocr_carea' id='block_1_6' title="bbox 308 2209 1837 2382">
    <p class='ocr_par' dir='ltr' id='par_1_22' title="bbox 308 2209 1837 2382">
     <span class='ocr_line' id='line_1_32' title="bbox 308 2209 1835 2264; baseline 0.002 -14"><span class='ocrx_word' id='word_1_223' title='bbox 308 2214 382 2250; x_wconf 88' lang='lat' dir='ltr'>net</span> <span class='ocrx_word' id='word_1_224' title='bbox 405 2210 588 2250; x_wconf 87' lang='lat' dir='ltr'>Lobeck.</span> <span class='ocrx_word' id='word_1_225' title='bbox 610 2211 663 2250; x_wconf 84' lang='lat' dir='ltr'>ad</span> <span class='ocrx_word' id='word_1_226' title='bbox 689 2210 818 2264; x_wconf 88' lang='lat' dir='ltr'>Soph.</span> <span class='ocrx_word' id='word_1_227' title='bbox 840 2210 909 2263; x_wconf 84' lang='lat' dir='ltr'>Aj.</span> <span class='ocrx_word' id='word_1_228' title='bbox 931 2225 971 2263; x_wconf 88' lang='lat' dir='ltr'>p.</span> <span class='ocrx_word' id='word_1_229' title='bbox 989 2220 1088 2264; x_wconf 81' lang='lat'>543.</span> <span class='ocrx_word' id='word_1_230' title='bbox 1111 2209 1182 2263; x_wconf 89' lang='lat' dir='ltr'>qui</span> <span class='ocrx_word' id='word_1_231' title='bbox 1202 2210 1314 2263; x_wconf 86' lang='lat' dir='ltr'>apud</span> <span class='ocrx_word' id='word_1_232' title='bbox 1337 2211 1651 2252; x_wconf 83' lang='lat' dir='ltr'>Anacreontem</span> <span class='ocrx_word' id='word_1_233' title='bbox 1671 2212 1835 2253; x_wconf 84' lang='grc' dir='ltr'>αἰνοπά-</span> 
     </span>
     <span class='ocr_line' id='line_1_33' title="bbox 309 2276 1837 2332; baseline 0.003 -17"><span class='ocrx_word' id='word_1_234' title='bbox 309 2279 379 2326; x_wconf 88' lang='grc' dir='ltr'>θην</span> <span class='ocrx_word' id='word_1_235' title='bbox 409 2276 611 2329; x_wconf 87' lang='lat' dir='ltr'>scriptum</span> <span class='ocrx_word' id='word_1_236' title='bbox 641 2276 767 2316; x_wconf 79' lang='lat' dir='ltr'>fuisse</span> <span class='ocrx_word' id='word_1_237' title='bbox 797 2276 981 2329; x_wconf 78' lang='lat' dir='ltr'>conjicit,</span> <span class='ocrx_word' id='word_1_238' title='bbox 1006 2276 1117 2330; x_wconf 89' lang='lat' dir='ltr'>quod</span> <span class='ocrx_word' id='word_1_239' title='bbox 1148 2279 1291 2316; x_wconf 79' lang='lat' dir='ltr'>tamen</span> <span class='ocrx_word' id='word_1_240' title='bbox 1322 2276 1458 2330; x_wconf 89' lang='lat' dir='ltr'>ipsum</span> <span class='ocrx_word' id='word_1_241' title='bbox 1490 2292 1654 2332; x_wconf 90' lang='lat' dir='ltr'>quoque</span> <span class='ocrx_word' id='word_1_242' title='bbox 1685 2292 1837 2332; x_wconf 83' lang='lat' dir='ltr'>parum</span> 
     </span>
     <span class='ocr_line' id='line_1_34' title="bbox 309 2341 629 2382; baseline -0.003 -1"><span class='ocrx_word' id='word_1_243' title='bbox 309 2341 530 2381; x_wconf 85' lang='lat' dir='ltr'>verisimile</span> <span class='ocrx_word' id='word_1_244' title='bbox 552 2346 629 2382; x_wconf 89' lang='lat' dir='ltr'>est.</span> 
     </span>
    </p>
   </div>
   <div class='ocr_carea' id='block_1_7' title="bbox 310 2408 1835 2915">
    <p class='ocr_par' dir='ltr' id='par_1_23' title="bbox 366 2408 1265 2463">
     <span class='ocr_line' id='line_1_35' title="bbox 366 2408 1265 2463; baseline 0.002 -16"><span class='ocrx_word' id='word_1_245' title='bbox 366 2422 464 2463; x_wconf 88' lang='grc'><em>551,</em></span> <span class='ocrx_word' id='word_1_246' title='bbox 485 2422 551 2459; x_wconf 80' lang='lat'>24.</span> <span class='ocrx_word' id='word_1_247' title='bbox 575 2408 886 2462; x_wconf 70' lang='grc' dir='ltr'>ἀπωλέσθησαι]</span> <span class='ocrx_word' id='word_1_248' title='bbox 910 2408 1191 2459; x_wconf 84' lang='grc' dir='ltr'>ἀπολέσθησαν</span> <span class='ocrx_word' id='word_1_249' title='bbox 1214 2410 1265 2449; x_wconf 88' lang='grc' dir='ltr'>Β.</span> 
     </span>
    </p>

    <p class='ocr_par' dir='ltr' id='par_1_24' title="bbox 367 2475 1487 2529">
     <span class='ocr_line' id='line_1_36' title="bbox 367 2475 1487 2529; baseline 0.003 -15"><span class='ocrx_word' id='word_1_250' title='bbox 367 2486 466 2529; x_wconf 87' lang='grc'><em>551,</em></span> <span class='ocrx_word' id='word_1_251' title='bbox 490 2488 555 2528; x_wconf 86' lang='lat'>25.</span> <span class='ocrx_word' id='word_1_252' title='bbox 580 2476 874 2525; x_wconf 85' lang='grc' dir='ltr'>καταλαβόντος</span> <span class='ocrx_word' id='word_1_253' title='bbox 895 2475 1057 2515; x_wconf 82' lang='lat' dir='ltr'>correxi</span> <span class='ocrx_word' id='word_1_254' title='bbox 1078 2490 1154 2529; x_wconf 83' lang='lat' dir='ltr'>pro</span> <span class='ocrx_word' id='word_1_255' title='bbox 1175 2478 1487 2525; x_wconf 77' lang='grc' dir='ltr'>καταλαβόντας.</span> 
     </span>
    </p>

    <p class='ocr_par' dir='ltr' id='par_1_25' title="bbox 310 2542 1834 2662">
     <span class='ocr_line' id='line_1_37' title="bbox 367 2542 1834 2596; baseline 0.003 -14"><span class='ocrx_word' id='word_1_256' title='bbox 367 2555 392 2596; x_wconf 91' lang='grc'>5</span> <span class='ocrx_word' id='word_1_257' title='bbox 397 2555 465 2596; x_wconf 82' lang='lat'>52,</span> <span class='ocrx_word' id='word_1_258' title='bbox 492 2544 551 2581; x_wconf 90' lang='grc'><strong>[6.</strong></span> <span class='ocrx_word' id='word_1_259' title='bbox 573 2542 701 2581; x_wconf 83' lang='grc' dir='ltr'>πάντα</span> <span class='ocrx_word' id='word_1_260' title='bbox 721 2543 794 2591; x_wconf 83' lang='grc' dir='ltr'>μὲν</span> <span class='ocrx_word' id='word_1_261' title='bbox 811 2542 972 2582; x_wconf 83' lang='lat' dir='ltr'>correxi</span> <span class='ocrx_word' id='word_1_262' title='bbox 993 2556 1069 2595; x_wconf 89' lang='lat' dir='ltr'>pro</span> <span class='ocrx_word' id='word_1_263' title='bbox 1091 2542 1219 2583; x_wconf 83' lang='grc' dir='ltr'>πάντα</span> <span class='ocrx_word' id='word_1_264' title='bbox 1240 2543 1295 2583; x_wconf 89' lang='grc' dir='ltr'>δέ.</span> <span class='ocrx_word' id='word_1_265' title='bbox 1339 2544 1419 2584; x_wconf 85' lang='lat' dir='ltr'>Est</span> <span class='ocrx_word' id='word_1_266' title='bbox 1439 2545 1555 2587; x_wconf 83' lang='grc' dir='ltr'>λύσις</span> <span class='ocrx_word' id='word_1_267' title='bbox 1577 2545 1834 2596; x_wconf 85' lang='lat' dir='ltr'>Aristotelis,</span> 
     </span>
     <span class='ocr_line' id='line_1_38' title="bbox 310 2608 1027 2662; baseline -0.001 -13"><span class='ocrx_word' id='word_1_268' title='bbox 310 2613 359 2649; x_wconf 77' lang='lat' dir='ltr'>ut</span> <span class='ocrx_word' id='word_1_269' title='bbox 378 2613 557 2662; x_wconf 79' lang='lat' dir='ltr'>apparet</span> <span class='ocrx_word' id='word_1_270' title='bbox 578 2623 629 2648; x_wconf 82' lang='lat' dir='ltr'>ex</span> <span class='ocrx_word' id='word_1_271' title='bbox 651 2608 778 2648; x_wconf 87' lang='lat' dir='ltr'>schol.</span> <span class='ocrx_word' id='word_1_272' title='bbox 802 2608 851 2648; x_wconf 93' lang='lat' dir='ltr'>Il.</span> <span class='ocrx_word' id='word_1_273' title='bbox 875 2626 913 2660; x_wconf 83' lang='grc' dir='ltr'>γ,</span> <span class='ocrx_word' id='word_1_274' title='bbox 932 2611 1027 2661; x_wconf 83' lang='lat'><em>276.</em></span> 
     </span>
    </p>

    <p class='ocr_par' dir='ltr' id='par_1_26' title="bbox 311 2675 1835 2795">
     <span class='ocr_line' id='line_1_39' title="bbox 368 2675 1835 2729; baseline 0.004 -16"><span class='ocrx_word' id='word_1_275' title='bbox 368 2689 465 2729; x_wconf 80' lang='lat'>553,</span> <span class='ocrx_word' id='word_1_276' title='bbox 485 2688 547 2729; x_wconf 85' lang='lat'>13.</span> <span class='ocrx_word' id='word_1_277' title='bbox 577 2675 645 2715; x_wconf 80' lang='grc' dir='ltr'>τὸν</span> <span class='ocrx_word' id='word_1_278' title='bbox 670 2689 750 2714; x_wconf 89' lang='lat' dir='ltr'>om.</span> <span class='ocrx_word' id='word_1_279' title='bbox 775 2675 832 2714; x_wconf 92' lang='lat' dir='ltr'>H.</span> <span class='ocrx_word' id='word_1_280' title='bbox 861 2680 905 2715; x_wconf 87' lang='lat' dir='ltr'>et</span> <span class='ocrx_word' id='word_1_281' title='bbox 935 2680 1033 2729; x_wconf 89' lang='lat' dir='ltr'>post</span> <span class='ocrx_word' id='word_1_282' title='bbox 1064 2677 1226 2719; x_wconf 83' lang='grc' dir='ltr'>ἀντλίας</span> <span class='ocrx_word' id='word_1_283' title='bbox 1256 2677 1411 2718; x_wconf 83' lang='lat' dir='ltr'>addere</span> <span class='ocrx_word' id='word_1_284' title='bbox 1441 2677 1596 2719; x_wconf 88' lang='lat' dir='ltr'>dicitur</span> <span class='ocrx_word' id='word_1_285' title='bbox 1626 2680 1676 2722; x_wconf 83' lang='grc' dir='ltr'>ὡς</span> <span class='ocrx_word' id='word_1_286' title='bbox 1707 2681 1762 2721; x_wconf 83' lang='grc' dir='ltr'>εἰς</span> <span class='ocrx_word' id='word_1_287' title='bbox 1791 2679 1835 2719; x_wconf 84' lang='grc' dir='ltr'>τὸ</span> 
     </span>
     <span class='ocr_line' id='line_1_40' title="bbox 311 2741 510 2795; baseline -0.005 -14"><span class='ocrx_word' id='word_1_288' title='bbox 311 2745 433 2793; x_wconf 81' lang='grc' dir='ltr'>μῦρον</span> <span class='ocrx_word' id='word_1_289' title='bbox 457 2741 510 2795; x_wconf 67' lang='grc' dir='ltr'>(Ῡ)</span> 
     </span>
    </p>

    <p class='ocr_par' dir='ltr' id='par_1_27' title="bbox 312 2807 1834 2915">
     <span class='ocr_line' id='line_1_41' title="bbox 368 2807 1834 2862; baseline 0.002 -13"><span class='ocrx_word' id='word_1_290' title='bbox 368 2819 466 2861; x_wconf 81' lang='lat'>553,</span> <span class='ocrx_word' id='word_1_291' title='bbox 487 2820 552 2849; x_wconf 79' lang='lat'>22.</span> <span class='ocrx_word' id='word_1_292' title='bbox 578 2808 762 2858; x_wconf 87' lang='grc' dir='ltr'>διαίρεσις</span> <span class='ocrx_word' id='word_1_293' title='bbox 782 2807 927 2861; x_wconf 83' lang='lat' dir='ltr'>scripsi</span> <span class='ocrx_word' id='word_1_294' title='bbox 949 2822 1025 2861; x_wconf 89' lang='lat' dir='ltr'>pro</span> <span class='ocrx_word' id='word_1_295' title='bbox 1048 2810 1251 2860; x_wconf 88' lang='grc' dir='ltr'>διαίρεσιν.</span> <span class='ocrx_word' id='word_1_296' title='bbox 1295 2810 1391 2850; x_wconf 81' lang='lat' dir='ltr'>Nisi</span> <span class='ocrx_word' id='word_1_297' title='bbox 1415 2813 1511 2850; x_wconf 79' lang='grc' dir='ltr'>κατὰ</span> <span class='ocrx_word' id='word_1_298' title='bbox 1532 2812 1721 2862; x_wconf 84' lang='grc' dir='ltr'>διαίρεσιν</span> <span class='ocrx_word' id='word_1_299' title='bbox 1736 2812 1834 2852; x_wconf 81' lang='lat' dir='ltr'>scri—</span> 
     </span>
     <span class='ocr_line' id='line_1_42' title="bbox 312 2875 506 2915; baseline 0 0"><span class='ocrx_word' id='word_1_300' title='bbox 312 2875 506 2915; x_wconf 89' lang='lat' dir='ltr'>bendum.</span> 
     </span>
    </p>
   </div>
  </div>
 </body>
</html>
