1956 3239
258 102 344 142 588

259 201 440 264 λίμαχος
462 199 527 248 τὸν
551 200 726 248 Κολωνὸν
749 206 922 259 θηλυκῶς
946 201 1012 248 καὶ
1036 208 1301 260 πληθυντικῶς
1330 200 1435 250 εἶπεν

825 103 1134 142 ΟΔΎΣΣΕΙΑΣ
1172 102 1218 143 Ξ.

1461 210 1469 227 ί

1476 211 1484 227 ‘
1503 203 1546 250 ἔκ
1568 224 1620 264 με
1647 207 1784 248 Κολω-

258 280 351 325 νάων
375 301 437 331 τις
461 280 644 340 ὅμέστιον
667 279 799 341 ἤγαγε
823 280 946 341 δήμου
971 287 1043 326 τῶν
1067 280 1248 343 ἑτάρων.”
1287 286 1406 328 Η.Θ..

327 358 536 419 Κρητάων]
579 363 652 414 τῆς
677 358 852 420 Κρήτης.
890 357 1085 420 εὐρειάων]
1128 356 1214 403 ἀντὶ
1250 357 1414 421 εὗρειάς.
1462 363 1521 404 νῦν
1544 357 1584 404 δὲ
1607 364 1779 421 μακρᾶς·

259 435 376 491 στενη
403 433 480 497 γὰρ
511 437 535 492 ᾗ
569 435 722 496 Κρήτη.
771 433 937 480 ἐντεῦθεν
961 434 1002 480 δέ
1035 442 1161 493 φησιν
1190 431 1284 480 εἷναι
1318 434 1473 496 φεύγων
1505 433 1568 481 τον
1600 434 1781 497 ἔλεγχον,

257 510 342 558 ἐπεὶ
365 510 488 574 πόρρω
512 517 585 567 τῆς
606 510 819 562 Ἑλλάδος.
853 517 907 557 V.

325 606 422 637 201.
449 585 528 640 υἷες
553 586 623 644 ε’νὶ]
653 609 718 649 γρ.
745 588 845 639 υἱέες
871 587 920 633 ἐν.
956 591 1085 632 Vind.
1110 606 1205 648 133.

324 683 420 713 202.
446 665 488 719 ἐξ
511 664 680 726 ἀλόχου]
711 686 776 727 γρ.
802 664 843 718 ἐξ
867 663 1035 726 ἀλόχων.
1074 669 1132 710 Η.

324 761 419 803 203.
445 740 670 800 παλλακὶς]
702 746 867 793 πιθανῶς
890 746 1017 796 τοῦτο,
1044 737 1104 786 ἵνα
1128 739 1219 804 δόξῃ
1244 740 1374 801 ὅμοιος
1398 737 1494 786 εἶναι
1519 747 1572 803 τῷ
1595 740 1781 804 ξενοδᾶχῳ

256 819 435 884 συβώτῃ.
474 824 530 865 H.
593 816 771 870 ’Άλλως.
806 817 1066 863 πιστεύεσθαι
1108 816 1350 878 βουλόμενος
1386 815 1474 880 περὶ
1520 824 1593 863 τῶν
1639 824 1781 864 λοιπῶν

253 898 422 944 ἐλαττοῖ
440 895 484 942 τὸ
507 896 631 957 γένος.
670 899 790 942 H.Q.

320 973 601 1036 ι’θαιγενέεσσι]
632 971 811 1034 γνησίοις
834 972 996 1023 τέκνοις.
1035 975 1149 1018 Q.V.

322 1068 418 1109 204.
446 1052 620 1113 Κάστωρ
642 1049 890 1111 (ΤλακίὸηςῖΙ
920 1047 1236 1111 Καλλίστρατος
1260 1047 1297 1093 ἐν
1321 1053 1371 1111 τῇ
1396 1046 1438 1093 ἐκ
1464 1047 1667 1094 Μουσείου
1693 1050 1781 1094 Κά-

253 1140 361 1191 στῶρ
385 1126 491 1187 φησὶ
514 1127 757 1189 γεγράφθαι.
797 1130 852 1172 Η.

318 1205 454 1267 γένος]
480 1225 545 1267 γρ.
569 1204 680 1254 πάϊς.
718 1207 783 1248 Μ.

321 1288 418 1329 206.
443 1279 723 1340 κυδαλίμοισι]
750 1300 816 1341 γρ.
841 1278 1111 1339 ἦνῧαλῖμοισι.
1149 1282 1205 1324 Η.

320 1377 416 1407 212.
453 1354 562 1404 εἵνεκ’
589 1356 688 1417 ἐμῆς
719 1356 885 1419 ἀρετῆς]
920 1361 1033 1402 τοῦτο
1063 1355 1198 1406 ἄλλως
1221 1356 1498 1415 μεταβάλλων
1530 1353 1615 1402 εἶπε

1643 1362 1670 1382 “
1689 1354 1777 1419 περὶ

248 1435 322 1497 μὲν
344 1435 505 1497 πολέμῳ
529 1432 715 1497 καρτερός
739 1433 845 1488 ἐσσι,
871 1430 937 1478 καὶ
962 1438 1092 1498 βουλῇ
1115 1430 1222 1492 μετὰ
1244 1432 1398 1484 πάντας
1428 1433 1626 1492 ὁμήλικας
1656 1432 1778 1479 ἔπλευ

249 1511 436 1576 &ipio-rog„
463 1512 535 1570 (Il.
562 1532 591 1565 ι,
615 1511 723 1572 53.).
764 1515 820 1557 Q.

319 1607 416 1646 214.
452 1589 546 1633 ἀλλ’
571 1587 703 1648 ’ἔμπης
737 1587 941 1648 καλάμην]
979 1584 1046 1632 καὶ
1080 1589 1104 1644 ἡ
1140 1587 1349 1648 παροιμία,
1373 1584 1448 1632 ἀπο
1481 1592 1554 1643 τῆς
1586 1587 1775 1648 καλάμης

250 1665 316 1713 τον
341 1667 512 1728 στάχυν.
551 1669 607 1712 Q.

317 1745 521 1804 καλάμην]
551 1740 595 1787 ‘rel
617 1747 756 1805 γῆρας,
781 1738 825 1787 τὸ
850 1739 1031 1796 λείψανον
1054 1737 1185 1802 ῶσπερ
1210 1745 1277 1786 τοῦ
1303 1738 1489 1800 σώματος
1520 1738 1625 1785 κατὰ
1647 1761 1776 1800 μετα-

311 1878 342 1903 1.
363 1868 501 1911 θηλυκῶς
523 1865 572 1901 Η.
605 1866 710 1904 ἑνικῶς
729 1863 775 1907 Q.

303 1919 341 1956 ἔκ
372 1922 590 1966 με--ἑτάρων
622 1918 810 1953 POI‘SOHUS
847 1929 915 1964 pro
949 1920 984 1952 ἐκ

249 1973 487 2021 μὲν--ἑτέρωω
528 1972 699 2006 Κολωνάων
724 1983 771 2006 ex
799 1970 871 2005 hoc
900 1970 984 2006 loco

249 2027 444 2063 annotavit
464 2025 596 2062 Suidas
621 2036 705 2059 cum
726 2026 862 2067 νηπίων,
885 2024 985 2071 quod

249 2081 371 2128 ipsum
392 2091 538 2128 quoque
560 2077 810 2114 Callimachus
837 2077 983 2113 dixerat

249 2146 319 2181 pro
339 2134 452 2178 νήσων.
802 2179 818 2187 ἡ

303 2198 341 2233 4.
379 2185 619 2235 φησιν-ἐπει]
660 2189 748 2231 φασι
788 2187 866 2218 εἶναι
900 2186 982 2230 φεύ-

246 2255 351 2287 γοντα.
369 2240 422 2275 τὸν
441 2238 542 2275 ἕλενον
559 2238 644 2283 (Sic)
660 2237 711 2272 ἐπὶ
733 2235 777 2271 V.
809 2236 982 2272 Correxit

251 2293 395 2329 Buttm.

307 2356 340 2393 7.
362 2344 505 2391 ἀλόχων]
522 2343 650 2389 ἀλόχοιο
672 2342 726 2379 H.
759 2342 917 2379 Correxi
936 2354 983 2378 ex

248 2399 322 2440 M..
340 2399 401 2447 qui
421 2398 540 2443 ἀλόχου
561 2397 754 2445 vulgatum
774 2397 899 2438 habet,
921 2409 979 2432 su-

248 2453 457 2501 perscripto
477 2467 525 2486 ων.

303 2518 338 2554 9.
355 2504 483 2547 ἸΑλλως
503 2517 577 2539 Om.
600 2504 648 2547 Q.

306 2570 368 2595 12.
399 2558 555 2594 Μουσείου
579 2558 720 2593 Buttm.
740 2568 809 2604 pro
828 2557 981 2603 μουσεῖων

246 2612 307 2648 vel
343 2614 479 2659 μουσείω
520 2612 625 2655 (nam
661 2610 819 2646 obscura
851 2610 888 2645 in
924 2609 979 2645 H.

247 2666 461 2713 scriptura).
502 2663 705 2711 Exemplar
724 2663 761 2699 in
781 2663 979 2698 Musarum

248 2719 396 2760 sacello,
427 2717 526 2765 quod
552 2729 637 2752 cum
663 2716 790 2752 schola
815 2716 978 2752 Alexan-

245 2772 355 2808 drina
375 2772 617 2819 conjunctum
645 2769 766 2812 fuerit,
798 2769 979 2805 asservari

246 2826 399 2862 solitum
428 2823 604 2872 intelligit
635 2823 767 2860 Lehrs.
794 2823 910 2859 Arist.
941 2836 977 2871 p.

247 2890 312 2925 30.

302 2931 460 2980 Κάστρῶ]
499 2931 560 2967 Sic
593 2930 644 2966 H.
706 2930 793 2965 Non
826 2936 977 2977 apparet

1041 1863 1127 1911 quid
1162 1863 1399 1899 Callistratus
1434 1863 1604 1898 voluerit.
1660 1863 1775 1900 Aliud

1040 1929 1189 1960 nomen,
1224 1917 1331 1965 quale
1353 1915 1479 1964 ’Ἄκτωρ
1511 1921 1580 1960 est,
1610 1917 1773 1964 positum

1039 1970 1153 2006 fuisse
1201 1970 1353 2019 conjicit
1390 1971 1594 2007 Duentzer.
1627 1970 1772 2007 Zenod.

1039 2037 1076 2071 p.
1094 2035 1160 2069 42.

1100 2085 1155 2125 15.
1191 2077 1410 2123 ἠνδαλίμοισι]
1447 2076 1636 2112 Porsonus
1670 2076 1772 2124 prius

1038 2129 1084 2165 de
1104 2130 1175 2165 hac
1191 2130 1369 2165 varietate
1384 2130 1540 2176 loquens
1560 2142 1642 2165 eam
1658 2142 1773 2166 manu

1037 2182 1296 2219 recentissima
1321 2183 1498 2230 scriptam
1526 2183 1684 2224 dicebat,
1707 2184 1772 2219 do-

1037 2248 1126 2272 cens
1147 2236 1256 2271 simul
1276 2249 1386 2284 quam
1411 2236 1601 2272 sollemnis
1624 2237 1661 2272 in
1680 2249 1770 2273 mss.

1039 2289 1263 2338 syllabarum
1290 2306 1327 2325 κυ
1353 2295 1391 2326 et
1409 2306 1444 2334 ην
1464 2290 1512 2326 sit
1531 2290 1769 2338 permutatio.

1040 2343 1083 2379 In
1118 2343 1348 2391 Postscripto
1387 2349 1512 2379 autem
1549 2356 1693 2380 errasse
1731 2356 1771 2380 se

1039 2396 1141 2438 dicit,
1178 2402 1215 2432 et
1253 2397 1390 2445 scripta
1426 2397 1506 2433 haec
1540 2410 1562 2433 a
1592 2410 1706 2433 manu
1739 2397 1771 2433 si

1038 2462 1114 2486 non
1145 2449 1259 2498 ipsius
1291 2451 1500 2487 scholiastae
1531 2451 1638 2492 Harl,
1668 2456 1770 2487 certe

1037 2516 1113 2539 non
1132 2504 1252 2539 multo
1268 2504 1428 2551 juniore.
1463 2504 1677 2540 Videndum
1698 2504 1769 2552 igi-

1036 2561 1099 2592 tur
1121 2570 1168 2593 an
1191 2557 1351 2593 varietas
1380 2557 1443 2593 illa
1471 2557 1523 2593 ita
1551 2558 1700 2605 scripta,
1722 2562 1767 2593 ι’ν-

1035 2612 1214 2657 δαλίμοισι,
1253 2610 1351 2647 inter
1383 2611 1552 2658 antiquas
1589 2611 1769 2647 lectiones

1034 2663 1229 2700 referenda
1258 2664 1318 2706 sit,
1339 2676 1423 2700 cum
1439 2666 1600 2710 εῖδάλιμος
1628 2664 1675 2699 sit
1694 2676 1768 2699 vox

1035 2716 1243 2753 Homerica
1272 2723 1309 2753 et
1336 2719 1509 2762 ι’νδάλιμον,
1531 2717 1641 2758 εὐειδές
1658 2729 1766 2764 repe-

1035 2770 1152 2806 riatur
1184 2771 1282 2818 apud
1320 2770 1563 2818 Hesychium‚
1599 2771 1767 2817 quamvis

1034 2823 1071 2859 in
1102 2823 1196 2860 serie
1225 2836 1359 2860 vocum
1388 2823 1433 2859 ab
1455 2825 1482 2858 ἰδ
1510 2823 1767 2870 incipientium

1034 2877 1190 2925 ideoque
1222 2877 1260 2913 in
1294 2876 1563 2913 recentioribus
1593 2876 1766 2912 editioni-

1033 2930 1102 2966 bus
1123 2935 1305 2967 mutatum
1323 2931 1359 2966 in
1377 2932 1533 2977 ι’δάλιμον.
1569 2930 1763 2965 BUTTM.

1792 1681 1840 1706 20
