1956 3239
650 426 1265 488 APPENDIX.

254 766 388 817 QUUM
412 765 565 806 codicis
588 765 924 819 Hamburgensis
948 765 1038 817 (T.)
1065 765 1268 819 impressa
1290 766 1456 806 demum
1477 766 1618 821 aliqua
1639 766 1714 806 hu-

189 833 259 887 jus
289 832 488 873 editionis
518 836 640 886 parte
671 832 790 886 copia
820 832 920 872 mihi
949 832 1027 886 ipsi
1061 832 1174 872 facta
1203 832 1272 881 sit,
1298 832 1339 872 in
1369 833 1447 873 hac
1474 833 1717 887 Appendice

193 900 328 940 multa
357 899 583 940 memoravi
607 913 700 952 quae
723 899 932 939 Prellcrus
964 913 1040 952 pro
1062 899 1232 939 consilio
1258 914 1331 939 suo
1353 900 1566 940 omiserat.
1627 899 1718 939 Ad-

195 967 280 1007 didi
302 967 367 1007 his
388 967 470 1008 alia
491 966 553 1007 vel
575 981 667 1007 sero
690 967 912 1007 observata
933 966 996 1006 vel
1017 965 1059 1005 in
1081 965 1426 1006 annotationibus
1449 967 1640 1007 consulto
1661 967 1715 1006 ab

192 1048 260 1074 me
293 1033 469 1074 omissa:
503 1048 554 1074 ex
591 1047 672 1086 quo
707 1047 859 1087 genere
893 1038 991 1073 sunt
1023 1032 1124 1073 vitia
1156 1032 1353 1073 editionis
1388 1033 1716 1073 Mediolanensis

193 1101 341 1150 multa,
365 1115 458 1154 quae
490 1114 601 1154 saepe
632 1100 803 1140 dubium
835 1104 898 1140 est
930 1104 1072 1140 utrum
1104 1100 1315 1140 codicibus
1337 1100 1631 1140 Ambrosianis
1662 1115 1717 1140 an

196 1166 315 1208 Maio
337 1167 475 1221 ejusve
497 1166 730 1221 typothetis
756 1166 842 1207 sint·
862 1166 1122 1220 imputanda.
1184 1166 1249 1206 De
1272 1181 1353 1220 quo
1374 1181 1456 1205 non
1478 1166 1558 1206 fuit
1579 1181 1716 1220 operae

193 1234 378 1288 pretium
399 1234 662 1287 conjecturas
683 1233 724 1273 in
746 1233 918 1287 singulis
939 1232 1173 1286 quibusque
1193 1232 1294 1273 locis
1324 1232 1568 1286 periclitari,
1590 1248 1718 1287 quum

193 1301 390 1342 vitiorum
410 1301 575 1342 illorum
597 1300 801 1341 correctio
822 1300 1064 1354 plerumque
1086 1299 1148 1340 vel
1169 1314 1244 1353 per
1265 1314 1308 1340 se
1335 1299 1391 1340 sit
1411 1300 1633 1341 manifesta
1654 1300 1719 1341 vel

196 1383 248 1409 ex
267 1368 358 1410 aliis
380 1383 558 1422 quorum
579 1368 700 1408 nobis
721 1368 841 1422 copia
863 1367 942 1407 fuit
963 1366 1079 1407 libris
1100 1366 1187 1421 peti
1209 1366 1408 1421 potuerit.

252 1569 357 1624 Pag.
386 1583 419 1618 1,
443 1583 482 1623 3.
517 1569 731 1609 Memorat
759 1568 835 1608 has
865 1568 1083 1618 ἐπιγραφὰς
1106 1565 1359 1606 Eustathius
1389 1564 1434 1605 in
1464 1565 1585 1606 initio
1607 1580 1717 1606 com-

195 1636 497 1677 mentariorum
518 1650 688 1676 suorum
708 1635 763 1675 ad
784 1634 969 1688 singulas
990 1632 1252 1687 rhapsodias.

257 1717 292 1753 1,
315 1717 355 1757 5.
378 1703 571 1754 ἀποδημία
592 1702 748 1743 excidit
768 1702 881 1756 apud
903 1700 1102 1740 Eustath.

259 1785 294 1821 1,
317 1773 354 1812 6.
389 1771 491 1822 Quae
522 1784 596 1824 per
621 1769 784 1811 Ἀλλως
815 1768 881 1808 hic
910 1772 953 1808 et
979 1767 1088 1807 infra
1116 1766 1318 1819 adjuncta
1345 1771 1444 1807 sunt
1473 1781 1556 1807 non
1589 1766 1718 1808 habet

196 1837 463 1879 Eustathius.

259 1919 295 1955 1,
321 1906 357 1946 8.
379 1904 401 1955 ἢ
425 1904 622 1946 ἀνάπλους
644 1918 724 1943 om.
747 1901 1013 1943 Eustathius.

260 1987 294 2022 1,
325 1986 383 2013 11.
411 1985 473 2014 12.
501 1972 648 2013 Habet
670 1971 718 2011 T.

260 2053 294 2089 Ι,
322 2053 386 2081 12.
407 2039 634 2092 Ἀλκίνουν]
661 2037 871 2078 Ἀλκίνοον
894 2036 942 2076 Τ.
966 2040 1008 2076 et
1031 2035 1230 2076 Eustath.

259 2121 294 2147 1.
322 2118 384 2162 15.
412 2107 473 2147 16.
497 2120 577 2146 om.
601 2104 868 2145 Eustathius.

258 2187 293 2223 Ι,
322 2184 385 2225 17.
417 2175 479 2213 Τὰ
508 2172 611 2226 περὶ]
643 2174 701 2212 ὅτι
733 2170 967 2224 γνωριστικὴ
1002 2173 1069 2220 τῆς
1105 2171 1197 2210 ἰῶτα
1229 2170 1430 2222 ῥαψῳδίας
1465 2169 1603 2219 ταύτης
1639 2170 1718 2209 ἐπι-

197 2242 343 2294 γραφὴ,
367 2242 426 2290 τὸ,
447 2243 493 2281 τὰ
513 2242 600 2293 περὶ
623 2238 885 2280 Eustathius.
919 2237 1151 2291 γνωριστικὴ
1173 2240 1238 2287 τῆς
1263 2245 1278 2277 ῖ
1297 2238 1499 2291 ῥαψῳδίας
1521 2238 1718 2290 ἐπιγραφὴ

199 2311 292 2360 αὕτη
313 2311 361 2349 τὰ
382 2309 470 2360 περὶ
492 2308 541 2347 Τ.

257 2389 294 2426 2,
324 2389 357 2415 1.
379 2375 562 2416 Τᾶ-καὶ
586 2374 743 2428 Κίρκης]
778 2373 845 2414 Sic
876 2373 985 2414 hanc
1015 2372 1285 2426 rhapsodiam
1315 2372 1484 2413 inscribi
1508 2378 1531 2395 ‘⁶
1547 2372 1621 2413 ὑπὸ
1643 2377 1720 2413 τῶν

196 2442 398 2483 παλαιῶν”
436 2442 593 2482 diserte
633 2445 812 2481 annotat
853 2439 1117 2481 Eustathius.
1179 2439 1381 2480 Similiter
1412 2439 1523 2480 idem
1563 2441 1618 2481 ad
1658 2441 1719 2480 in-

199 2509 447 2564 scriptiones
467 2508 663 2563 rhapsod.
688 2512 739 2548 N.
762 2512 810 2547 X.
834 2511 885 2547 Ω.

259 2589 295 2625 2,
319 2590 357 2631 3.
394 2577 557 2627 Νεκυία]
596 2574 871 2615 Eustathius:
898 2573 992 2614 “On
1031 2575 1075 2614 οὐ
1112 2575 1407 2624 Νεκυομαντεία
1440 2576 1576 2625 μόνον,
1613 2575 1720 2614 ἀλλὰ

201 2644 261 2684 καὶ
293 2644 426 2684 Νεκύα
456 2642 733 2694 τρισυλλάβως
765 2641 808 2680 τὸ
845 2641 970 2692 παρὸν
1006 2640 1265 2693 ἐπιγράφεται
1297 2642 1453 2693 γράμμα
1486 2643 1547 2681 διὰ
1580 2641 1650 2689 τὴν
1678 2643 1720 2681 ἐν

201 2711 300 2765 αὐτῷ
323 2713 390 2750 τοῦ
409 2708 634 2751 Ὀδυσσέως
657 2709 813 2758 ὁμιλίαν
833 2707 926 2758 πρὸς
946 2708 1033 2750 τοὺς
1057 2709 1100 2748 ἐν
1115 2706 1252 2748 ’Ἀιδου
1276 2707 1424 2751 νέκυας.
1469 2707 1586 2748 Conf.
1604 2707 1657 2747 ad
1683 2720 1718 2754 2,

201 2791 269 2820 20.

261 2857 298 2890 2,
321 2856 360 2894 4.
381 2854 421 2898 5.
447 2843 594 2884 Habet
615 2842 678 2892 T.,
702 2841 854 2881 omisso
878 2842 937 2881 καὶ
959 2842 1159 2882 Σκύλλαν.

260 2923 283 2950 2
324 2922 361 2964 7.

288 2942 300 2960 ,
383 2909 663 2962 ἢ--ἀνάβασις
684 2922 762 2950 om.
788 2907 985 2949 Eustath.
