1956 3239
287 88 371 132 792
843 86 1264 129 APPENDIX.

345 201 441 248 608,
466 213 531 242 22.
555 200 832 252 προσβάλλειν
853 201 1014 242 correxi
1036 215 1111 256 pro
1133 199 1393 252 προβάλλειν.

343 269 440 322 609,
461 280 524 308 21.
547 270 653 319 παρὰ
674 268 819 323 scripsi
842 282 918 323 pro
940 271 1042 321 περί.

343 336 440 381 610,
465 335 526 375 18.
552 336 703 386 ἱστορία
724 350 804 376 om.
830 335 884 375 V.

343 403 437 449 610,
459 415 524 443 21.
549 402 668 442 αὐτὸν
688 417 768 442 om.
793 403 844 454 Q.

342 472 438 521 610,
465 483 530 525 25.
553 471 655 522 περὶ]
682 474 786 523 παρὰ
809 471 857 522 Q.

341 538 438 590 615,
460 550 525 591 27.
552 538 698 593 εἰδότα]
725 541 853 579 εἰδότα
873 542 1014 589 μαθεῖν
1037 538 1089 579 Q.

341 606 438 651 616,
461 617 497 656 7.
515 608 590 657 γὰρ
611 606 793 646 fortasse
815 606 1049 646 delendum.

341 673 437 717 616,
460 685 525 713 21.
550 674 790 725 ἐπιδεύομαι]
819 674 874 713 ἔτι
896 674 1054 723 δεύομαι
1076 672 1124 713 Β.

341 738 437 785 618,
460 752 496 780 2.
519 740 773 790 ἡρπασμένον
795 740 852 781 H.
894 740 1144 793 ἡρπαγμέιόν
1167 741 1275 782 B.Q.

340 806 438 852 618,
459 807 497 846 6.
521 804 545 857 ᾗ
566 806 712 861 scripsi
734 822 810 861 pro
832 809 867 858 ἡ.

339 874 435 921 622,
459 888 496 923 4.
521 875 782 925 προειπούσης
803 874 949 928 scripsi
971 889 1048 928 pro
1070 875 1372 927 προσειπούσης.

339 940 436 992 623,
455 940 491 979 6.
517 940 1264 995 εὐνηθησομένων--κοιμηθησομένων]
1295 942 1810 992 εὐνησομένων--κοιμησο-

279 1004 410 1055 μένων
433 1005 481 1045 V.

340 1073 435 1121 626,
463 1086 527 1115 20.
554 1075 717 1127 ἐντρεχῆ
739 1074 884 1128 scripsi
907 1089 983 1129 pro
1007 1075 1182 1127 εὐτρεχῆ.

339 1141 435 1187 626,
461 1153 527 1182 21.
552 1141 723 1196 ἀντικρὺ]
747 1142 923 1194 ἀντικρὺς
946 1142 996 1182 Β.

341 1207 437 1257 628,
464 1221 524 1262 13.
550 1210 599 1251 ὡς
620 1209 786 1250 Buttm.
808 1224 885 1263 pro
908 1212 973 1252 εἰς.

340 1276 437 1326 628,
459 1287 523 1326 24.
546 1279 793 1329 πολυπίκρως
815 1277 976 1318 correxi
998 1292 1075 1332 pro
1096 1279 1199 1318 πολὺ
1220 1281 1361 1330 πικρῶς
1382 1292 1404 1318 e
1425 1277 1496 1318 lin.
1521 1289 1587 1318 22.

340 1344 436 1397 633,
460 1355 499 1396 3.
534 1344 595 1383 καὶ
617 1345 660 1384 ἐκ
687 1347 756 1384 τοῦ
776 1344 938 1384 correxi
960 1358 1010 1384 ex
1034 1344 1262 1385 Eustathio
1284 1359 1323 1398 p.
1347 1344 1467 1397 1809,
1492 1346 1558 1385 26.
1592 1357 1669 1398 pro
1691 1343 1754 1383 καὶ
1774 1344 1815 1382 τί

282 1411 367 1450 ἐστι
388 1410 445 1458 τὸ,
470 1411 581 1464 quod
603 1411 645 1451 in
668 1412 726 1451 H.
749 1426 840 1452 esse
861 1411 1028 1452 dicitur.

339 1480 390 1531 63
397 1490 436 1531 3,
461 1479 497 1518 8.
522 1479 685 1530 ἐκάθηρε
705 1479 931 1533 utrobique
952 1478 1115 1520 correxi
1137 1494 1214 1534 pro
1236 1480 1389 1535 καθῇρε,

340 1546 436 1599 633,
460 1557 519 1598 17.
546 1547 851 1598 ἀφωσιωμένους
874 1547 1040 1587 Buttm.
1066 1561 1142 1600 pro
1165 1547 1472 1598 ἇφοσιωμένους.

340 1614 437 1667 633,
463 1625 529 1655 22.
551 1614 848 1669 προσβάλλειν]
870 1614 1122 1665 προβάλλειν
1144 1615 1197 1653 V.

341 1682 437 1734 634,
459 1694 519 1735 13.
544 1683 744 1734 ὀλιγώρως
765 1682 930 1723 Buttm.
953 1697 1030 1736 pro
1052 1683 1283 1734 ὀλιγοστῶς.

341 1749 437 1801 634,
463 1761 528 1802 25.
563 1750 634 1800 τὴν
664 1753 731 1789 τοῦ
763 1751 905 1802 ἄρθρου
932 1749 1162 1801 μετάθεσιν]
1189 1748 1307 1790 Conf.
1333 1748 1461 1789 schol.
1488 1747 1534 1788 Il.
1559 1764 1595 1795 a,
1624 1760 1688 1788 11.
1709 1760 1808 1801 340.

281 1821 325 1866 φ,
340 1825 436 1869 317.
456 1820 499 1856 et
516 1816 711 1870 Apollon.
727 1817 778 1857 de
795 1821 904 1871 synt.
922 1832 963 1871 p.
982 1818 1049 1867 66,
1071 1829 1133 1869 24.
1151 1830 1254 1870 quos
1276 1815 1424 1857 citavit
1444 1814 1600 1856 Friedl.
1618 1814 1808 1854 Ariston.

280 1896 321 1935 p.
340 1895 408 1933 40.

340 1950 436 2003 635,
458 1963 524 1989 20.
559 1951 725 1991 πασάων
755 1951 941 2005 ὑπερῆεν]
971 1951 1112 1991 Verba
1136 1954 1285 2004 poetae,
1307 1949 1350 1989 in
1367 1949 1519 2004 quibus
1551 1948 1691 2003 potius
1715 1949 1811 2000 ὕπερ

280 2015 351 2065 ἦεν
373 2015 652 2057 scribendum.

341 2084 437 2137 637,
459 2093 499 2137 5.
526 2085 546 2123 ὁ
567 2086 859 2135 Φιλομηλείδης
880 2098 960 2124 orn.
986 2084 1038 2125 O..

341 2151 438 2204 637,
462 2152 500 2190 6.
523 2150 601 2206 ὅτι]
627 2153 685 2192 ὅτι
706 2168 746 2192 τε
768 2153 818 2191 V.

341 2218 436 2271 639,
462 2229 528 2271 23.
553 2220 705 2270 ἱστορία
726 2233 808 2258 om.
834 2218 887 2257 V.
912 2218 977 2257 hic
998 2223 1047 2258 ut
1069 2220 1166 2266 610,
1192 2219 1253 2256 18.

342 2283 438 2334 642,
464 2284 501 2322 8.
524 2285 707 2337 γόνατος]
737 2286 916 2335 σώματος
939 2285 990 2325 Q.

339 2351 436 2401 644,
456 2364 492 2404 9.
518 2350 757 2402 προπάροιθε
779 2351 931 2404 πόλιος]
954 2350 1216 2403 προπάροιθεν
1239 2352 1353 2392 πόλις
1378 2350 1433 2390 H.

342 2417 438 2468 644,
459 2429 524 2458 20.
549 2419 648 2467 μετὰ
668 2431 749 2457 om.
776 2417 829 2459 Q.

340 2484 435 2536 645,
458 2499 498 2533 4.
521 2494 561 2536 5.
586 2485 789 2535 κροτώνων
810 2483 955 2538 scripsi
978 2498 1054 2538 pro
1077 2485 1284 2535 κροτόνων.

341 2552 437 2600 646,
458 2551 521 2590 18.
545 2553 620 2603 γὰρ
642 2565 723 2590 om.
747 2551 853 2592 ΒΩ.

339 2619 434 2669 647,
457 2628 496 2672 5.
523 2618 658 2658 ἄλλων
680 2617 857 2658 εἰωθέναι
879 2618 1026 2672 Scripsi
1048 2633 1126 2672 pro
1149 2619 1281 2661 ἄλλως
1304 2621 1451 2659 εἴωθεν.

341 2686 436 2737 647,
459 2698 522 2725 21,
549 2687 730 2735 σημαίνει
753 2685 916 2726 Buttm.
940 2700 1016 2739 pl‘O
1039 2687 1290 2736 σημειωτέον.

341 2755 437 2806 648.
467 2768 495 2794 Ι.
518 2756 630 2804 μένοι
653 2754 816 2793 Buttm.
840 2769 917 2807 pro
938 2756 1076 2805 μείνοι.

341 2822 436 2876 649,
459 2835 498 2872 4.
523 2821 717 2861 πέπυσται
740 2820 903 2860 Buttm.
927 2835 1003 2874 pro
1025 2820 1244 2862 πέπεισται.

341 2891 436 2943 652,
460 2902 523 2929 22.
548 2889 765 2942 ἐξέλευσις]
796 2889 951 2931 ἕλευσις
974 2890 1022 2939 Q.
1176 2885 1178 2887 ¹
