1956 3239
715 85 1126 127 APPENDIX.
1599 83 1682 127 769

218 201 287 238 νῦν
307 199 377 239 οὖν
400 198 596 249 εἰπούσης]
624 200 693 238 νῦν
716 199 824 238 εἵπου
845 199 911 247 τῆς
933 196 983 236 Τ.

217 278 398 320 312,11.
422 264 504 319 τοῦ]
527 265 570 304 τὸ
594 264 642 305 Τ.

215 345 311 386 312,
330 345 392 386 13.
417 334 488 372 κάν
509 332 578 387 τῷ]
601 332 662 372 καὶ
683 332 726 372 τὸ
750 332 797 371 Τ.

215 411 312 452 312,
337 410 396 454 15.
420 398 501 453 ὅτε]
524 400 583 439 ὅτι
605 399 653 439 Β.

214 478 311 519 312,
332 477 395 518 17.
419 470 540 507 ταῦτα
561 481 642 507 0111.
663 467 711 507 T.

214 531 407 585 μάχονται
428 532 501 588 τῷ]
527 533 692 586 μάχεται
714 534 756 574 τὸ
780 533 830 573 T.

214 612 312 654 312,
335 612 400 641 20.
423 600 585 652 λέγεται
606 603 681 653 γὰρ
698 617 765 640 :-—
787 600 850 651 T„
874 599 1039 640 omissis
1060 599 1245 654 reliquis.

214 679 313 721 313,
332 679 395 708 11,
422 667 492 707 Ad
514 682 550 708 v.
576 680 669 722 230.
692 667 897 721 πάσσονα]
932 668 1166 720 παχύτερον,
1190 667 1266 707 ἀπὸ
1288 671 1355 707 τοῦ
1382 667 1508 720 παχὺς
1530 669 1684 721 παχίων

157 735 341 783 πάσσων,
363 735 412 776 ὡς
434 734 509 775 ἀπὸ
534 738 686 775 θᾶσσον
708 735 837 775 ἆσσον
860 734 908 774 Β.

214 813 312 855 313,
335 815 395 853 ¹4-
419 803 459 841 δὲ
483 816 563 842 0111.
587 802 635 842 Ε.

216 881 313 923 313,
337 882 402 910 21.
426 869 635 920 πάντα-ἢ
658 871 739 924 τῆς]
767 871 895 910 πάντα
916 871 988 921 μὲν
1009 872 1075 920 τῆς
1097 870 1151 910 T.

215 949 315 990 314,
333 950 367 976 1.
392 940 503 986 θεῶν,
528 937 569 980 ὃς
591 938 783 978 διέσωσεν
803 937 956 991 ἐνθάδε]
981 937 1118 977 ἐνθάδε
1141 940 1251 985 θεῶν,
1275 938 1382 980 ὅστις
1404 936 1592 977 διέσωσεν
1614 938 1669 977 Τ.

216 1017 314 1058 314,
332 1017 370 1057 9.
391 1004 572 1056 ὑπάρξειέ
590 1022 656 1056 μοι
675 1004 822 1059 scripsi
845 1019 921 1059 pro
942 1004 1102 1056 ὑπάρξει
1122 1021 1200 1054 μοι.

217 1084 315 1126 314,
337 1082 399 1125 15.
423 1071 573 1126 μέντοι]
596 1074 669 1124 γὰρ
693 1072 747 1112 Τ.

215 1151 398 1193 314,19.
421 1138 497 1178 Καὶ
519 1152 600 1178 om.
620 1139 674 1177 T.

216 1219 313 1260 314,
334 1218 399 1248 20.
423 1205 530 1247 Post
551 1206 636 1246 ἅδοι
654 1206 708 1245 T.
730 1204 869 1260 pergit
893 1205 964 1256 (ex
980 1204 1102 1258 l.16.)
1123 1204 1266 1246 ἄλλως.
1315 1205 1469 1245 ἐπαινεῖ
1487 1204 1685 1256 ἔφορος-

159 1275 306 1324 δίδωμι.

215 1354 313 1396 314,
331 1341 396 1384 28.
421 1342 560 1397 ἐσθίω]
587 1341 689 1382 ἕσθω
713 1340 763 1380 Ε.

217 1420 314 1463 314,
331 1421 400 1462 30.
426 1409 493 1448 ἐπί
511 1409 640 1460 τινων]
666 1408 785 1448 Fort.
806 1408 1003 1457 ἐπιτιμῶν.

217 1487 315 1530 315,
334 1486 373 1529 5.
397 1476 463 1516 οὐκ
485 1476 669 1518 ἆπίνυτος
691 1475 790 1515 εἶναι
812 1489 893 1515 0111.
912 1475 968 1514 Τ.

217 1555 316 1597 315,
336 1543 400 1583 18.
423 1543 467 1583 τὸ
488 1544 564 1595 γὰρ
585 1542 751 1595 πλῆθος]
779 1542 832 1596 τῷ
853 1543 926 1594 γὰρ
947 1540 1089 1591 πλήθει
1111 1541 1165 1580 Τ.

218 1611 316 1663 316,
338 1623 370 1650 1.
393 1610 569 1649 ἐπίστιόν
591 1610 724 1648 ε’στιντ
758 1609 930 1647 ε’ποίκιόν
952 1608 1061 1647 ἐστιν
1084 1606 1232 1660 ἑκάστῳ
1254 1607 1276 1655 ἡ
1359 1608 1422 1646 διὰ
1450 1606 1493 1646 τὸ
1523 1611 1686 1657 σημεῖον

160 1675 184 1727 ἢ
206 1676 328 1728 σκηνὴ
348 1675 371 1727 ἢ
393 1677 554 1727 νεώριον
574 1674 596 1725 ἢ
619 1674 768 1727 σκάφος
792 1679 871 1714 etc.
891 1675 946 1713 T.

219 1745 316 1799 316,
340 1757 399 1798 13.
426 1742 670 1795 ἑλκομένοις]
695 1745 775 1783 τοῖς
798 1741 1023 1792 ἑλκομένοις
1043 1742 1098 1781 Τ.

219 1822 318 1866 317,
340 1825 373 1851 1.
396 1809 561 1851 ἀδευκέα
583 1810 652 1850 οὗν
674 1823 754 1849 0111.
774 1809 824 1860 Q.

219 1890 315 1934 317,
337 1891 398 1929 14.
422 1877 600 1928 ἀτιμάσει
623 1877 678 1916 Τ.
724 1874 905 1926 ἆτιμήσει
925 1875 1066 1916 ceteri.
1131 1874 1241 1914 Illud
1271 1875 1494 1916 confirmat
1515 1875 1687 1926 ἀτιμάζει

164 1947 277 2002 quod
299 1945 502 2000 sequitur.

219 2015 317 2069 318,
340 2028 372 2055 1.
396 2014 482 2054 ἀντὶ
503 2014 571 2052 τοῦ
592 2013 701 2067 εὕρῃς
722 2025 802 2052 0111.
823 2010 872 2062 Q.

220 2095 319 2137 319,
341 2095 354 2121 1
368 2094 403 2122 2.
429 2081 536 2121 Post
555 2079 681 2135 ᾔεσαν
703 2080 756 2119 Τ.
779 2077 931 2133 pergit,
959 2079 1113 2118 ἐπαινεῖ
1132 2079 1263 2118 τοίνυν
1286 2078 1347 2118 καὶ
1369 2078 1436 2118 τὸν
1463 2080 1604 2130 δρόμον
1626 2079 1689 2119 καὶ

164 2149 234 2200 τὴν
265 2153 341 2189 τῶν
371 2151 502 2189 ποδῶν
534 2149 700 2198 κίνησιν.
750 2147 791 2187 εὗ
823 2147 865 2186 δὲ
896 2146 1117 2186 πλίσσοντο
1149 2146 1334 2185 πόδεσιν;
1368 2145 1461 2195 πλὶξ
1491 2145 1535 2185 τὸ
1563 2148 1686 2196 βῆμα.

165 2218 405 2257 ε’πλίσσοντο
442 2216 512 2256 οὖν
548 2215 635 2255 ἀντὶ
670 2217 738 2254 τοῦ
773 2211 1018 2264 ἐβημάτιζον.
1067 2211 1195 2262 βάδην
1225 2211 1427 2265 διέτρεχον
1461 2212 1522 2252 καὶ
1557 2213 1615 2252 ὅτι
1645 2212 1689 2252 τὸ

165 2285 264 2324 ὅλον
289 2284 390 2325 εἶναι
418 2284 461 2324 εὖ
490 2284 563 2334 μὲν
592 2281 816 2334 ἐτρόχαζον,
842 2278 884 2321 εὖ
908 2278 949 2320 δὲ
977 2279 1107 2330 βάδην
1130 2278 1268 2334 ᾔεσαν.
1317 2280 1458 2322 ἄλλως.
1501 2281 1690 2320 πλίσσειν

167 2352 252 2392 ἐστὶ
272 2355 350 2392 etc.

223 2431 320 2471 319,
343 2430 404 2471 ¹3·
429 2419 468 2457 οἱ
490 2415 673 2470 Δωριεῖς]
698 2416 736 2456 οἱ
757 2429 838 2455 om.
857 2415 913 2454 T.

225 2498 321 2539 319,
340 2497 403 2535 14.
429 2483 470 2523 δὲ
492 2497 572 2523 om.
595 2484 649 2522 Τ.

225 2564 321 2606 319,
341 2564 406 2603 15.
428 2549 547 2604 φασὶ]
572 2549 669 2601 φησὶ
687 2550 742 2588 T.

225 2630 324 2671 319,
345 2628 406 2669 17.
429 2616 614 2668 λέγουσι]
644 2617 808 2655 καλοῦσι
829 2615 883 2653 Τ.

225 2698 322 2739 319,
343 2685 409 2724 26.
434 2684 496 2723 καὶ
517 2696 594 2722 om.
624 2681 672 2733 Q.

226 2763 322 2806 320,
342 2763 406 2792 12.
431 2752 495 2792 δός
515 2749 551 2800 μ’
570 2747 744 2789 ὀδυσσέα
759 2749 1024 2799 πολυπόρθιον
1041 2745 1160 2787 οἴκαδ’
1179 2745 1342 2787 ἱκέσθαι.
1389 2746 1453 2788 δὸς
1472 2746 1524 2796 μὴ
1542 2745 1690 2786 ἱκέσθαι

171 2819 232 2858 καὶ
251 2819 492 2869 μεταλαβὼν
511 2818 551 2856 Τ

227 2898 324 2939 320,
346 2887 407 2927 16.
430 2883 575 2938 δίδωθι]
599 2883 716 2923 δίδοτι
734 2883 789 2921 Τ.
