1956 3239
350 103 435 145 758
905 103 1324 145 APPENDIX.

410 231 502 275 195,
528 233 565 262 2.
589 221 843 271 ὁ-βαὸίζων
864 220 1164 262 Buttmannus.
1208 220 1450 272 ὃ-βαδίζον
1472 220 1524 260 Ε.

412 297 506 341 195,
530 288 592 328 16.
617 286 864 343 φερώνυμος]
890 289 1091 339 ὁμώνυμος
1114 290 1169 328 Τ.

412 354 508 410 198,
530 366 593 408 15.
616 353 746 410 βάζω]
770 354 813 394 τὸ
834 354 940 404 βάζω
963 353 1015 393 Ε.

414 422 510 475 198,
532 434 592 475 19.
617 420 638 461 ὃ
660 435 739 475 ego
761 420 917 461 addidi.
982 420 1049 459 Sic
1070 423 1136 459 est
1157 435 1195 474 p.
1214 432 1309 468 200,
1338 430 1400 474 15.
1422 423 1466 460 et
1486 418 1586 460 alibi
1608 433 1692 459 non
1713 433 1823 460 raro.

409 501 508 537 201,
532 490 598 529 26.
621 489 905 540 πορσδίὸοσθαι
925 487 1160 541 typothetae
1183 501 1300 527 error
1321 501 1398 541 pro
1419 488 1715 539 προσδίὸοσθαι.
1763 486 1882 528 Conf-

353 560 499 597 annot.
521 556 575 597 ad
596 571 636 610 p.
658 557 752 608 276,
772 557 837 595 16.

411 637 509 679 203,
528 634 568 678 5.
593 623 784 664 Alterum
806 624 846 663 αἱ
866 622 1048 662 fortasse
1070 621 1304 662 delendum.

412 704 509 745 203,
534 702 599 745 25.
624 689 660 746 ᾗ,
685 692 721 730 εἴ
738 704 816 744 ego
837 688 994 730 addidi.

412 759 506 807 206,
531 772 572 813 9.
596 755 896 811 ἀσαφέστερον]
920 755 1226 808 ἀσφαλέστερον
1249 756 1354 808 ΕΗΟ,
1379 755 1412 796 si
1434 760 1549 797 reete
1569 756 1674 811 legit
1697 755 1853 797 BIaius.

411 836 505 878 207,
528 838 569 879 3.
592 823 769 879 πολλὴν]
793 824 919 865 πολὺν
942 823 1049 874 ΕΗῼ

414 904 512 944 207,
535 903 572 947 5.
597 891 722 946 εἶδον]
746 894 830 931 ἴδον
853 891 960 942 E.Q

410 972 507 1010 210,
532 961 570 1000 8.
593 974 630 1014 9.
659 958 886 1012 Excerpsib
908 958 1108 998 Eustath.
1131 973 1172 1012 p.
1198 971 1319 1011 1501,
1338 971 1374 998 1.

411 1039 508 1078 211,
530 1040 595 1081 15.
619 1027 826 1080 σεύεσθαι]
852 1025 1049 1077 σέβεσθαι
1071 1025 1187 1065 Ε.Η.

412 1108 508 1146 212,
534 1107 601 1135 22.
624 1099 692 1135 τοῦ
713 1094 978 1147 Ἀριστάρχου
998 1093 1090 1134 loco
1112 1094 1249 1135 alieno
1270 1093 1445 1134 illatum.

411 1164 510 1211 216,
529 1175 570 1217 3.
593 1164 774 1215 ἀλλαχοῦ
796 1163 837 1201 δὲ
861 1161 952 1215 ἔφη]
977 1161 1179 1202 Fortasse
1202 1162 1386 1214 ἀλλαχοῦ
1408 1162 1450 1202 δὲ
1472 1160 1651 1212 δινήεντα
1672 1162 1759 1214 ἔφη.

412 1231 511 1280 216,
529 1243 592 1281 14.
616 1231 670 1283 τῷ
690 1228 853 1284 πεσεῖν]
877 1229 920 1268 τὸ
942 1233 1083 1269 πεσεῖν
1106 1230 1162 1268 Τ.

413 1298 547 1349 ὥσπερ
569 1297 620 1351 τῷ
643 1311 723 1336 om.
749 1297 803 1336 T.

412 1365 507 1414 216,
533 1376 599 1404 20.
623 1364 843 1417 χρώμενος]
868 1361 1082 1416 χρωμένων
1105 1361 1154 1401 Ρ.

412 1432 497 1472 ἐπεὶ
518 1433 576 1471 Η.
611 1431 674 1471 ἐπὶ
696 1430 810 1471 Ρ.Τ.

413 1500 511 1548 216,
531 1511 596 1548 24.
620 1499 727 1538 ἀλλὰ
749 1497 812 1537 καὶ
833 1497 883 1539 ὣς
902 1495 1106 1551 μύθοισιν]
1131 1495 1199 1536 Sic
1222 1497 1276 1536 H.
1299 1496 1342 1536 in
1363 1500 1498 1536 textu.
1532 1495 1649 1537 Conf.
1672 1511 1708 1538 v.
1729 1509 1824 1551 234.

415 1576 511 1620 217,
534 1577 598 1617 17.
620 1563 873 1616 Ἀγαμέμνον
895 1577 1094 1604 excusum
1116 1578 1193 1617 pro
1212 1562 1487 1615 Ἀγαμέμνων.

413 1633 507 1682 218,
528 1645 592 1673 12.
617 1632 684 1672 οὐκ
707 1631 1074 1685 ἔστι-τουτέστιν]
1102 1632 1170 1671 οὐκ
1192 1631 1277 1671 ἔστι
1291 1631 1450 1684 μεγάλα
1467 1632 1607 1672 ἔκλυεν
1625 1632 1883 1683 αὐδήσαντος,

354 1702 461 1741 ἀλλὰ
480 1699 639 1752 μεγάλα
659 1699 799 1739 ἔκλυεν
822 1698 1078 1749 αὐδήσαντος,
1102 1699 1306 1738 τουτέστιν
1324 1699 1377 1738 Τ.
1402 1698 1473 1738 ubi
1494 1698 1634 1753 priore
1654 1699 1746 1739 loeo
1768 1700 1883 1749 αὐδή-

354 1785 511 1815 σαντος,
540 1767 673 1807 altero
705 1767 846 1807 ἔκλυεν
876 1765 1036 1806 librarii
1066 1780 1207 1806 errore
1234 1766 1464 1820 repetitum
1495 1771 1572 1806 est.
1636 1766 1809 1807 Rectius
1840 1766 1884 1807 in

353 1834 459 1886 E.Q.
508 1835 576 1875 οὐκ
618 1835 702 1875 ἔστι
740 1833 899 1886 μεγάλα
935 1834 1086 1880 ἔκλυεν,
1127 1834 1234 1873 ἀλλὰ
1273 1833 1431 1886 μεγάλα
1471 1833 1712 1884 αὐδήσαντος
1753 1834 1881 1882 ἔκλυε,

351 1902 631 1950 τουτέστιν-,
654 1901 733 1943 nisi
765 1902 877 1956 quod
910 1902 1026 1942 ἔκλυε
1056 1905 1153 1955 post
1184 1901 1427 1952 αὐδήσαντος
1458 1901 1694 1953 delendum,
1727 1908 1776 1944 ut
1806 1917 1884 1958 ego

356 1971 434 2012 feei
456 1986 550 2012 cum
573 1972 629 2011 H.

412 2039 509 2088 218,
533 2051 596 2092 13.
620 2037 690 2093 ὡς]
715 2038 735 2078 ὃ
759 2039 813 2078 T.

412 2106 510 2154 218,
531 2115 594 2158 15.
629 2104 820 2158 ἐπαίρειν]
844 2105 1021 2144 ἐπαινεῖν
1043 2103 1091 2144 Τ.
1117 2103 1187 2157 qui
1214 2103 1354 2158 pergit
1379 2103 1446 2156 (de
1467 2118 1504 2145 v.
1526 2105 1644 2159 508.)
1666 2105 1710 2145 τὸ
1732 2107 1774 2146 δὲ
1795 2106 1883 2157 τρύ·

354 2177 454 2223 φοςε
488 2172 531 2211 τὸ
552 2174 593 2212 δὲ
616 2172 776 2223 κλάσμα
796 2175 862 2222 τῆς
882 2171 1039 2223 πέτρας,
1061 2174 1167 2222 παρὰ
1188 2171 1231 2210 τὸ
1254 2172 1395 2223 τρύχω.

413 2240 507 2287 218,
532 2240 590 2279 18.
612 2242 690 2279 πᾶν
711 2238 841 2279 tacite
863 2237 1010 2291 scripsi
1031 2252 1107 2291 pro
1129 2237 1269 2277 πάντα.

412 2317 511 2354 220,
533 2319 571 2359 9.
595 2307 733 2356 πείρας
768 2307 983 2356 ἐπείραζεν.
1014 2306 1241 2354 βαρυτόνως
1262 2308 1341 2344 etc.
1366 2305 1420 2344 T.

412 2385 511 2421 220,
533 2382 595 2425 15.
617 2375 728 2423 τηρεῖ
745 2371 833 2423 τὴν]
859 2375 1029 2422 τηρεῖται
1053 2371 1100 2421 Q.

413 2449 510 2486 220,
532 2440 595 2477 16.
625 2439 731 2489 παρὰ
752 2437 840 2479 τοὺς
859 2436 1112 2492 Ἀθηναίους]
1135 2439 1241 2489 παρὰ
1262 2442 1342 2480 τοῖς
1360 2437 1586 2488 Ἀθηναίοις
1607 2439 1788 2480 scribere
1809 2439 1880 2481 de-

353 2505 495 2546 beba‘c.

412 2584 507 2621 220,
534 2585 594 2625 19.
620 2572 884 2622 ἀντιβολῆσαι
905 2571 1066 2611 correxi
1087 2586 1164 2626 pro
1187 2573 1483 2624 ἀντιβολήσειν.

412 2652 509 2687 220,
528 2650 592 2678 22.
616 2638 778 2689 παντὸς]
804 2638 921 2678 Fort.
947 2639 1009 2678 ἐπὶ
1030 2639 1246 2681 παντὸς-.

414 2717 508 2754 221,
533 2705 572 2744 8.
598 2703 716 2759 ναῦν]
742 2707 810 2744 νῦν
833 2704 935 2756 BQ.
968 2706 1015 2745 αὗ
1038 2706 1093 2746 Τ.

414 2784 512 2820 221,
533 2785 598 2811 11.
620 2771 668 2822 ἧν
691 2786 772 2811 om.
798 2771 853 2810 V.

413 2853 508 2887 221,
531 2852 595 2892 13.
628 2838 1003 2893 σώματα-νήσοις]
1040 2840 1215 2890 σώματα.
1249 2841 1292 2881 ἐν
1323 2842 1366 2881 δὲ
1397 2845 1481 2884 ταῖς
1513 2841 1767 2892 καλουμένων
1799 2842 1878 2895 (sic

351 2906 465 2960 apud
489 2905 671 2958 Maium)
694 2904 880 2957 μακάρων
901 2905 1036 2957 νήσοις
1056 2908 1076 2946 ὁ
1099 2908 1217 2950 τόπος
1239 2907 1291 2948 Ε.
