1956 3239
677 107 1086 148 APPENDIX.
1563 112 1646 154 789

178 230 275 274 553,
304 232 364 268 24.
390 220 455 260 Ex
472 219 528 259 H.
545 225 762 260 enotatum
786 219 1011 269 ἐνεπλήσθη
1033 220 1055 269 ἡ
1079 224 1171 262 ναῦς
1194 222 1298 260 θείου
1323 222 1508 270 κεραύνυυ
1529 220 1641 271 (Sic).

124 287 244 338 Quod
267 287 384 338 πυρὸς
405 289 606 338 κεραυνίου
628 287 893 328 scribendum
915 292 1021 327 era-t.

177 365 276 406 554,
297 364 362 407 25.
386 355 611 405 πρόσκειται
632 354 780 408 scripsi
801 368 875 407 pro
898 355 1110 404 πρόκειται.

177 431 274 474 554,
295 422 360 461 28.
384 420 475 474 ὦσι]
506 420 624 461 Ὲοΐίῑ.
650 422 738 461 εἰσί.

176 498 275 541 554,
293 500 360 541 30.
386 490 546 527 δεῖπνον
567 487 711 541 scripsi
735 501 811 541 pro
834 490 985 527 δεῖπνα.

175 558 273 608 556,
293 567 330 607 7.
354 555 607 609 Rhapsodiae
630 555 681 595 N.
704 555 745 595 in
767 554 910 595 codice
933 554 1102 594 Veneto
1126 553 1176 594 N.
1200 554 1289 594 haec
1309 554 1525 608 adscripta
1546 561 1645 596 sunt

120 621 380 676 (Porphyrii,
403 626 451 662 ut
472 622 670 673 videtur),
695 636 787 675 quae
809 620 1044 675 rhapsodiae
1069 624 1121 660 Π.
1145 620 1285 674 potius
1311 621 1492 661 adscribi
1520 622 1643 662 debe-

117 688 246 729 bant:
281 691 358 728 Διὰ
379 687 647 731 τίὈὸυσσεὺς
668 691 712 743 τῇ
740 690 812 738 μὲν
836 689 1051 742 Πηνελόπῃ
1072 688 1226 737 ἡλικίαν
1247 705 1289 727 τε
1313 688 1384 738 ἤδη
1410 689 1558 743 ἐχούσῃ
1583 690 1645 728 καὶ

117 756 292 810 φιλούσῃ
314 756 431 796 αὐτὸν
453 756 520 795 οὐκ
541 755 741 805 ἐδήλωσεν
762 755 804 797 ὃς
823 755 884 805 ἣν,
903 755 953 808 τῷ
977 756 1018 795 δὲ
1033 755 1256 809 Τηλεμάχῳ
1279 755 1353 808 νέῳ
1377 757 1460 794 ὄντι
1483 756 1544 795 καὶ
1566 759 1646 797 τοῖς

117 820 282 863 οἰκέταις
305 811 464 873 (ῗκέταις
488 821 576 873 Ν.),
599 825 649 876 τῷ
674 824 746 872 μὲν
776 823 947 876 συβώτῃ,
976 824 1028 875 τῷ
1061 823 1101 861 δὲ
1133 823 1315 875 βουκόλῳ
1347 823 1457 868 ὅντι;
1493 822 1538 861 οὐ
1568 824 1644 874 γὰρ

118 887 239 938 δήπου
269 888 320 938 μὴ
351 892 491 940 πεῖραν
523 891 672 939 ἐκείνης
704 890 887 939 εἰληφώς.
930 888 1014 928 ἔστι
1044 887 1179 939 φάναι,
1206 889 1330 940 φησὶν
1350 888 1642 940 Ἀριστοτέλης,

117 955 177 994 ὅτι
198 959 278 1014 τοῖς
299 956 373 1005 μὲν
389 955 468 995 ἔδει
489 956 539 998 ὡς
561 956 608 995 ἂν
623 955 802 1008 μετέχειν
822 954 1017 1005 μέλλουσι
1038 958 1106 994 τοῦ
1128 956 1306 995 κινδύνου
1327 957 1462 995 εἰπεῖν.
1501 957 1643 996 ἀδύνα-

116 1037 185 1061 τον
208 1023 280 1073 γὰρ
300 1023 348 1072 ἣν
369 1023 462 1062 ἄνευ
483 1024 630 1063 τούτων
659 1022 863 1062 ἐπιθέσθαι
892 1026 972 1063 τοῖς
999 1023 1232 1072 μνηστῆρσι.
1275 1024 1337 1061 διὰ
1362 1025 1482 1062 ταῦτα
1511 1024 1553 1062 δὲ
1582 1024 1644 1062 καὶ

116 1088 162 1143 τῇ
198 1089 416 1142 Εὑρυκλείᾳ
455 1090 694 1129 ἐκκαλύππει
726 1088 844 1128 αὐτὸν
877 1088 1053 1141 χρησίμῳ
1089 1087 1256 1142 ἐσομένῃ
1288 1089 1382 1139 πρὸς
1416 1089 1485 1138 τὴν
1519 1092 1644 1140 θυρῶν

117 1154 346 1207 ἀσφάλειαν
369 1156 428 1195 καὶ
449 1156 519 1205 τὴν
537 1159 613 1195 τῶν
634 1157 918 1207 θεραπαινίδων
937 1156 1119 1207 ἡσυχίαν.
1157 1158 1255 1194 πᾶσι
1276 1157 1309 1194 δ’
1327 1156 1400 1207 οὐχ
1422 1155 1513 1205 ἅμα,
1536 1156 1643 1195 ἀλλὰ

117 1223 213 1262 κατὰ
237 1222 306 1262 τὸν
335 1222 472 1262 δέοντα
505 1222 636 1274 καιρὸν
663 1223 726 1262 καὶ
758 1223 833 1275 ἰδία
865 1221 1015 1274 ἑκάστῳ
1045 1223 1105 1261 καὶ
1135 1223 1241 1274 μόνῳ
1269 1223 1478 1273 ἐκφαίνων,
1502 1223 1566 1261 ἵνα
1591 1222 1644 1272 μὴ

116 1289 339 1340 ἐκλαλήσας
368 1305 426 1330 τις
457 1290 510 1331 εἰς
543 1289 676 1340 ἕτερον
707 1288 778 1338 τὴν
809 1289 936 1328 αἰτίαν
968 1287 1175 1342 ἀνενέγκῃ.
1233 1286 1312 1327 κατ’
1342 1289 1441 1328 ἰδίαν
1473 1291 1548 1340 γὰρ
1582 1289 1644 1328 καὶ

116 1357 252 1410 πρώτῳ
273 1356 326 1409 τῷ
355 1357 436 1409 υἱῷ,
469 1355 552 1395 εἶτα
577 1359 621 1411 τῇ
650 1358 796 1409 τροφῷ,
821 1354 904 1395 εἶτα
928 1357 979 1408 τῷ
1011 1355 1192 1407 βουκόλῳ
1222 1355 1282 1393 καὶ
1310 1355 1360 1408 τῷ
1391 1355 1549 1410 συβώτῃ
1582 1356 1642 1395 καὶ

115 1422 211 1473 πρὸς
232 1422 370 1463 οὐδένα
390 1424 487 1463 διότι
517 1422 587 1472 ἤδη
610 1439 666 1464 τις
687 1423 810 1463 ἄλλος
837 1421 1068 1472 μεμάθηκεν.
1112 1422 1217 1460 ἀλλὰ
1239 1422 1300 1461 καὶ
1323 1422 1359 1460 οἱ
1385 1423 1529 1464 εἰδότες
1548 1427 1643 1462 λαν-
1665 1437 1672 1445 ·

117 1489 252 1529 θάνειν
277 1488 478 1539 ἀλλήλους
506 1489 804 1538 σπουδάζουσιν.
847 1489 932 1528 ἔστι
960 1490 1001 1528 δὲ
1032 1489 1154 1528 εἰπεῖν
1181 1489 1243 1528 καὶ
1269 1489 1328 1527 ὅτι
1354 1488 1560 1538 ηὐλαβήθη
1590 1489 1642 1538 μὴ

115 1555 327 1608 περιχαρὴς
352 1556 556 1595 ἀκούσασα
583 1556 742 1607 γένηται
774 1555 835 1594 καὶ
868 1556 1054 1604 ἐπίδηλον
1085 1554 1241 1608 ποιήσῃ.
1284 1555 1386 1605 ἑώρα
1416 1556 1491 1606 γὰρ
1523 1554 1642 1603 αὐτὴν

116 1623 272 1674 σφόδρα
294 1624 571 1672 ἐπιθυμοῦσαν.
611 1622 749 1661 οὐκοῦν
772 1621 832 1661 καὶ
855 1622 874 1660 ὁ
894 1622 986 1662 υἱός.
1027 1620 1120 1660 ἀλλ’
1139 1622 1159 1660 ὁ
1179 1622 1253 1670 μὲν
1275 1621 1336 1660 καὶ
1356 1623 1508 1670 μειδιᾶν
1531 1621 1641 1660 εἵωθε

117 1689 179 1728 καὶ
210 1690 344 1730 ἁπλῶς
374 1687 625 1740 διαλέγεσθαι
657 1688 718 1728 καὶ
750 1691 903 1739 κρατεῖν
924 1690 993 1727 τοῦ
1023 1686 1179 1735 πάθους,
1201 1688 1224 1737 ἡ
1250 1688 1292 1726 δὲ
1321 1687 1445 1736 μόνον
1478 1685 1641 1726 κλαίειν.

114 1755 366 1805 παυσαμένης
387 1756 456 1795 οῦν
476 1758 545 1794 τοῦ
575 1756 724 1794 κλαίειν
744 1755 880 1804 μόνον,
909 1755 943 1794 εἶ
973 1755 1035 1794 καὶ
1062 1754 1194 1804 μηδεὶς
1215 1753 1381 1803 ἐξεῖπεν,
1411 1752 1566 1805 ὑποψία
1586 1770 1643 1795 τις

115 1823 280 1875 ἐγίνετο.
322 1823 367 1863 οὐ
387 1825 462 1874 γὰρ
485 1822 533 1863 ἂν
549 1822 814 1873 προσεποιήθη
837 1823 1029 1872 δακρύειν.
1068 1822 1090 1871 ἡ
1111 1823 1186 1873 γὰρ
1207 1823 1311 1873 χαρὰ
1331 1823 1483 1860 ὑποῦσα
1504 1821 1572 1860 οὐκ
1593 1819 1642 1860 ἂν

116 1895 271 1942 κρατεῖν
293 1893 358 1940 τῆς
379 1890 573 1939 ποιήσεως
595 1892 743 1929 εἴασεν.
784 1891 878 1931 ἴσως
900 1890 941 1928 δὲ
964 1889 1026 1929 καὶ
1045 1888 1096 1938 μὴ
1120 1893 1247 1928 σῶσαι
1268 1890 1376 1929 τινας
1396 1890 1642 1937 βουληθεῖσα

114 1958 305 1997 ὑπείδετο.
355 1959 455 2008 ἑώρα
482 1962 557 2008 γὰρ
581 1957 642 1996 καὶ
667 1955 805 1996 ἑαυτὸν
825 1956 1040 1995 πεποιθότα
1061 1958 1173 1994 τοῦτο
1198 1956 1291 2006 πρός
1311 1970 1432 2001 τινας,
1455 1955 1557 1994 ὥστε
1580 1955 1642 1993 καὶ

114 2024 166 2078 τῷ
185 2023 420 2078 Ἀμφινόμῳ
443 2022 771 2074 ἐπαρρησιάσατο.
817 2021 899 2074 εἶχε
921 2022 964 2062 δέ
989 2038 1063 2061 που
1090 2022 1248 2060 κάκεῖνα
1270 2023 1313 2060 ἐν
1333 2020 1461 2070 μνήμῃ
1483 2019 1639 2071 ἃἈγα-

113 2089 273 2141 μέμνων
299 2091 596 2140 συνεβούλευσε
620 2089 720 2140 (Od.
743 2095 781 2139 λ,
804 2090 940 2140 441.),
963 2089 1014 2142 τῷ
1046 2091 1114 2128 νῦν
1140 2087 1288 2138 μήποτε
1321 2087 1381 2127 καὶ
1409 2087 1459 2126 σὺ
1486 2087 1643 2138 γυναικί

58 2199 61 2201 ,
115 2173 188 2209 περ
208 2156 321 2207 ἤπιος
343 2156 455 2206 εἶναι,
476 2156 562 2207 μηδ’
580 2158 616 2196 οἱ
635 2158 757 2206 μῦθον
779 2156 933 2196 ἅπαντα
958 2150 1245 2207 πιφαυσκέμεν,
1275 2156 1336 2194 καὶ
1364 2157 1411 2194 τὰ
1437 2156 1533 2203 ἑξῆς.
1579 2154 1640 2194 καὶ

115 2223 236 2264 πάλιν
253 2223 404 2275 ἐπάγει,
423 2223 514 2263 ἀλλ’
531 2224 575 2263 οὐ
594 2225 661 2263 σοί
679 2222 729 2274 γ’,
746 2223 928 2269 Ὀδυσεῦ,
948 2224 1068 2274 φόνος
1086 2222 1246 2261 ἔσσεται
1269 2223 1311 2261 ἐκ
1332 2222 1529 2272 γυναικός,
1547 2219 1638 2259 ἀλλ’

115 2291 202 2331 αῦθι
232 2291 549 2342 παρακελεύεται,
574 2291 744 2342 κρύβδην
770 2289 853 2340 μηδ’
878 2291 1087 2340 ἀναφανδὰ
1115 2290 1238 2340 φίλην
1261 2289 1299 2330 ἐς
1324 2286 1490 2338 πατρίδα
1520 2291 1638 2338 γαῖαν

116 2362 190 2409 νῆα
216 2359 503 2411 κατισχέμεναι.
550 2359 611 2398 καὶ
635 2361 698 2398 διὰ
719 2361 831 2398 τοῦτο
850 2389 952 2398 ......
972 2358 1281 2409 παρακελεύεται
1297 2355 1531 2403 Ὀδυσσεὺς,
1553 2354 1637 2405 μήτ’

114 2428 185 2467 οὖν
205 2426 377 2477 Λαέρτης
401 2428 495 2466 ἵστω
517 2427 604 2466 τόδε
634 2426 729 2476 μήτε
757 2426 937 2475 συβώτης
963 2426 1059 2474 μήτε
1080 2441 1136 2466 τις
1163 2424 1316 2474 οἰκήων,
1337 2423 1423 2474 μήτ’
1440 2423 1533 2472 αὐτὴ
1556 2427 1638 2473 Πη-

117 2495 275 2543 νελόπη,
293 2492 386 2532 ἀλλ’
403 2492 488 2531 οἶον
505 2493 554 2532 σύ
575 2492 607 2530 τ’
624 2493 700 2543 ἐγώ
717 2508 773 2531 τε.
818 2491 967 2541 μήποτε
989 2491 1022 2530 δ’
1040 2491 1113 2542 οὐχ
1134 2491 1212 2540 ἅμα
1233 2490 1362 2532 πάσας
1380 2492 1445 2530 τὰς
1462 2491 1638 2541 ἀναγνω-

114 2560 238 2611 ρίσεις
257 2558 427 2608 ἠθέλησε
453 2562 613 2607 λαβεῖν,
637 2559 744 2597 ἀλλὰ
765 2559 832 2599 τὰς
856 2558 928 2607 μὲν
949 2556 1022 2607 πρὸ
1045 2559 1111 2605 τῆς
1131 2556 1271 2608 μάχης,
1293 2558 1360 2597 τὰς
1381 2557 1422 2595 δὲ
1450 2558 1547 2605 μετὰ
1568 2555 1638 2604 τὴν

115 2625 257 2677 μάχην.
303 2624 548 2674 ὑπερτίθεται
577 2624 619 2661 δὲ
650 2625 718 2663 τὰς
744 2622 838 2672 πρὸς
865 2622 931 2663 οὓς
957 2622 1098 2671 ἥκιστα
1127 2623 1258 2674 ἐχρῆν,
1283 2621 1352 2670 τήν
1379 2637 1422 2660 τε
1449 2622 1544 2671 πρὸς
1569 2620 1638 2668 τὴν

116 2694 284 2742 γυναῖκα
306 2690 367 2729 καὶ
387 2690 455 2728 τὸν
476 2687 633 2738 πατέρα,
657 2688 803 2728 διώκων
824 2687 867 2727 τὸ
889 2687 1108 2738 παράδοξον
1131 2689 1193 2726 καὶ
1215 2687 1279 2726 ἵνα
1301 2686 1550 2735 ἐκπληκτικαὶ
1571 2685 1636 2736 γε’-

118 2773 272 2797 νωνται.
316 2757 350 2795 εἰ
378 2756 452 2805 μὲν
471 2756 544 2805 γὰρ
565 2755 755 2804 πρότερον
781 2754 966 2802 ἐποίησεν
991 2753 1106 2802 ἧττον
1134 2753 1182 2792 ἂν
1203 2753 1246 2791 τὸ
1278 2752 1496 2802 παράδοξον
1521 2750 1636 2800 παρέ-

116 2839 205 2874 σχε,
229 2825 296 2862 νῦν
316 2823 358 2861 δὲ
381 2821 460 2870 ἅμα
483 2820 545 2859 καὶ
566 2820 609 2858 τὸ
631 2819 778 2871 χαρτὸν
797 2818 897 2870 μέγα
917 2822 997 2860 τοῖς
1014 2818 1216 2869 φιλτάτοις
1236 2817 1507 2867 παρεσκεύασε
1529 2818 1573 2865 τῇ
1595 2832 1637 2855 τε

116 2888 270 2941 γυναικὶ
299 2888 360 2927 καὶ
381 2889 433 2940 τῷ
459 2888 584 2937 πατρί.
627 2886 706 2934 ἅμα
733 2902 775 2925 τε
806 2887 881 2936 γὰρ
909 2887 1093 2925 ἀκούουσι
1123 2886 1297 2936 παρόντα
1328 2884 1445 2923 αὐτὸν
1467 2884 1529 2922 καὶ
1550 2883 1636 2924 τοὺς

815 2966 837 3005 3
864 2967 884 2991 r
910 2964 932 2992 2
