1956 3239
772 106 1192 146 APPENDIX.
1667 107 1751 149 749

290 233 380 270 142,
405 234 466 271 14.
488 219 608 274 πάνυ]
634 219 828 272 ἐχρήσατο
850 219 953 260 πάνυ
975 219 1025 259 Τ.

290 301 382 338 142,
404 301 466 341 15.
489 289 548 328 ὅτι
569 302 650 328 om.
670 287 718 327 T.

291 368 380 404 142,
402 369 467 408 19.
490 356 705 406 γεγόνασιν
727 353 796 408 ἂν]
822 354 1006 394 Soloece.

291 436 379 475 142,
391 436 455 466 22.
474 424 596 476 χυτὴν
613 424 676 463 ἐπὶ
693 428 812 474 γαῖαν
830 423 974 475 ἔχευαν
991 439 998 462 ;
1032 422 1101 472 τὴν
1118 421 1375 474 ἐπιχεομένην
1388 425 1468 464 τοῖς
1487 426 1635 473 νεκροῖς
1650 425 1723 474 γῆν
1741 440 1747 462 ;

224 493 386 533 -τινές
408 491 560 544 ἔχευεν,
584 492 645 531 ἵνα
665 491 764 543 λέγῃ
789 491 883 543 (Sic)
906 495 986 531 etc.
1011 491 1058 531 T.

287 571 380 609 142,
406 571 470 610 24.
495 558 565 598 Ad
586 573 622 598 V.
649 570 743 612 259.
767 559 924 598 οἰωνοῖς
960 556 1208 609 σαρκοφάγοι
1229 555 1404 607 ὅρνιθες;
1423 580 1476 587 —-
1491 557 1537 597 T.

289 639 380 677 142,
401 628 467 667 26.
492 626 564 666 Ad
585 641 621 666 V.
648 628 741 666 261.
763 626 867 678 μέγα
887 642 1034 676 μησετο
1062 624 1154 677 (sic)
1179 624 1322 676 ἕργονε
1358 628 1428 664 νῦν
1448 624 1549 676 μέγα
1571 624 1751 677 χαλεπὸν

225 693 506 742 ἐβουλεύσατο,
531 693 808 746 ἐμηχανήσατο
831 693 972 745 ἕργονε
988 718 1045 723 —
1059 692 1107 732 T.

287 773 378 812 142,
399 772 464 814 27.
487 759 620 814 λέγοι]
645 759 755 812 λέγει
777 759 825 800 Τ.

285 841 377 882 143,
404 839 439 881 7.
465 827 711 882 γὰρ-ᾠδός]
739 829 970 870 δὲ-ἀοιδός
991 827 1040 867 T.
1063 831 1107 867 et
1127 841 1225 866 mox
1248 825 1538 876 ἀοιδοί-τάξιν
1561 825 1682 879 εἶχον.

287 908 380 947 143,
401 909 462 949 ¹5·
490 896 631 936 Habet.
652 896 730 935 hoc
753 895 937 935 scholion
961 895 1007 934 T.
1033 894 1141 934 infra
1163 898 1259 947 post
1282 893 1469 933 scholion
1492 908 1528 933 v.
1553 906 1649 947 322.

286 964 461 1016 143,16.
486 963 596 1014 ἤρετο
618 968 683 1003 est
705 962 745 1002 in
768 963 813 1002 T.

287 1044 376 1086 143,
398 1042 574 1084 17—24.
598 1030 991 1082 τότε-Σπαρτιάτην
1014 1045 1094 1070 0111.
1114 1030 1174 1079 Τ.,
1197 1029 1368 1070 librario
1390 1045 1415 1070 a
1436 1031 1524 1070 τότε
1545 1028 1674 1083 priori
1696 1029 1750 1069 ad

221 1098 401 1139 alterum
422 1100 659 1140 aberrante.

286 1180 376 1220 143,
402 1178 467 1220 25.
510 1166 805 1221 τῆς-Ἀθηνᾷ]
849 1166 916 1206 τὸν
955 1164 1014 1206 Ἑ.
1058 1166 1178 1217 ὅρμον
1219 1164 1408 1214 ἀνέθηκεν
1447 1165 1470 1214 ἡ
1506 1162 1657 1214 Ἀθηνᾶ
1699 1164 1747 1204 Τ.

223 1234 401 1275 Rectam
422 1234 677 1288 scripturam
698 1248 749 1273 ex
771 1232 1000 1273 Eustathio
1021 1231 1249 1273 memoravi
1270 1232 1323 1272 ad
1347 1246 1387 1285 p.
1413 1244 1502 1281 144,
1530 1244 1562 1270 1.

286 1315 377 1353 144,
398 1316 430 1342 1.
457 1303 703 1353 Δημόδοκον]
730 1302 897 1352 δημόδον
917 1299 1011 1354 (sic)
1037 1299 1085 1339 T.

279 1369 553 1422 Ἄγαμέμνων]
581 1369 825 1422 ἀγαμέμνονι
845 1368 893 1408 T.

285 1452 376 1490 144,
403 1450 438 1478 2.
462 1437 601 1493 ᾠδοὺς]
626 1438 778 1479 ἀοιδοὺς
800 1436 849 1476 T.

285 1519 379 1557 144,
392 1519 432 1557 4.
454 1506 635 1559 ἠγάπων]
665 1505 767 1556 Quae
789 1509 1022 1559 sequuntur
1044 1518 1123 1545 om.
1148 1504 1195 1543 T.
1218 1503 1366 1544 relicto
1387 1502 1574 1558 longiore
1596 1503 1749 1557 spatio.

285 1587 377 1624 144,
402 1576 465 1614 16.
501 1574 550 1613 In
574 1573 621 1613 T.
645 1572 732 1613 ἀλλ’
755 1574 820 1613 ὅτε
843 1572 888 1622 δή
909 1588 976 1622 μιν
995 1576 1112 1623 μοῖρα
1134 1574 1234 1611 θεῶν
1255 1570 1421 1621 ἐπέδησε
1440 1587 1448 1610 :
1482 1570 1551 1610 τὸν
1573 1571 1704 1611 ἀοιδὸν
1728 1570 1751 1621 ἢ

224 1642 292 1682 τὸν
313 1643 518 1694 Αἴγισθον.
551 1644 664 1681 τοῦτο
696 1643 771 1693 γὰρ
801 1639 1071 1692 προκατῆρξαν
1092 1638 1185 1691 (Sic)
1207 1641 1273 1689 τῆς
1304 1639 1469 1688 ἀπειλῆς
1500 1637 1676 1692 Αἰγίσθῳ
1708 1638 1750 1679 τὸ

225 1710 438 1749 ἀποθανεῖν
459 1709 527 1749 τὸν
545 1710 690 1749 ἀοιδόν,
723 1709 876 1748 δύναιτο
907 1706 937 1747 δ’
961 1706 1011 1747 ἂν
1041 1707 1102 1747 καὶ
1132 1706 1194 1746 ἐπὶ
1215 1709 1281 1756 τῆς
1312 1706 1661 1757 Κλυταιμνήστρας
1685 1706 1751 1746 λέ-

223 1793 310 1828 γειν
341 1778 406 1817 ὅτε
438 1777 557 1827 αὐτὴν
586 1778 763 1828 εἵμαρται
798 1778 974 1826 δαμῆναι.
1018 1775 1126 1814 ἀλλὰ
1161 1777 1230 1813 νῦν
1262 1774 1359 1824 ὑπὲρ
1390 1775 1442 1827 τῷ
1477 1775 1652 1828 Αἰγίσθῳ
1690 1774 1752 1813 καὶ

222 1847 491 1898 μοιχευθῆναι.
525 1846 609 1885 τότε
632 1844 700 1884 τὸν
717 1850 798 1896 φυλ
814 1875 821 1882 .
842 1876 848 1883 .
875 1842 1049 1896 ἐσχάτην
1071 1844 1194 1892 νῆσον
1212 1841 1418 1893 ἀπήγαγεν
1440 1843 1643 1894 Αἴγισθος.
1676 1843 1750 1882 ἐτί-

222 1930 307 1963 μων
338 1914 379 1952 δὲ
410 1914 497 1955 τοὺς
530 1912 681 1954 ἀοιδοὺς
714 1913 763 1953 ὡς
789 1910 1057 1952 διδασκάλους.
1109 1909 1234 1962 (Haec
1268 1914 1310 1950 et
1338 1910 1559 1964 sequentia
1590 1909 1752 1963 plenius

224 1980 338 2020 edita
359 1995 411 2021 ex
427 1980 519 2020 aliis
550 1979 665 2020 libris
696 1994 734 2033 p.
760 1992 850 2030 144,
877 1978 937 2030 2.)
961 1981 1077 2028 δηλοῖ
1102 1978 1177 2028 γὰρ
1204 1977 1227 2027 ἡ
1260 1975 1590 2028 Κλυταιμνήστρα
1618 1999 1675 2006 —
1695 2000 1752 2008 -

225 2050 343 2090 αὐτὸν
365 2049 565 2090 ἐκέλευσε.
598 2051 709 2088 τοῦτο
732 2049 773 2088 δὲ
796 2050 917 2089 κακῶς
939 2045 1181 2098 ἐξηγήσαντο
1196 2060 1204 2084 ;
1220 2069 1276 2075 --

285 2130 377 2172 145,
402 2130 462 2170 19.
487 2117 720 2169 ἀγάλματα;
754 2114 995 2165 ἀναθήματα,
1021 2111 1082 2165 ἐφ’
1106 2113 1162 2154 οἷς
1183 2129 1240 2153 τις
1260 2111 1479 2164 ἀγάλλεται
1495 2126 1566 2150 :—-
1588 2112 1635 2152 T.

288 2199 377 2237 145,
399 2197 463 2225 22.
487 2183 694 2239 κρατῆσαι]
719 2186 781 2224 διὰ
797 2186 919 2223 ταῦτα
940 2183 1015 2234 γὰρ
1036 2181 1245 2233 ἐμοίχευσε
1271 2181 1367 2231 ὑπὲρ
1389 2181 1457 2219 τοῦ
1478 2182 1593 2232 σχεῖν
1615 2195 1752 2231 συνερ-

223 2251 298 2304 γὸν
322 2251 673 2302 Κλυταιμνήστραν
693 2249 813 2291 addit
835 2249 884 2289 T.

288 2332 378 2372 145,
399 2321 463 2361 26.
481 2317 856 2371 ἄκρονἈθηναίωνε
880 2317 956 2357 ἀπὸ
973 2319 1036 2366 τῆς
1049 2317 1202 2358 πόλεως
1213 2314 1475 2365 τὴνἈττικὴν
1490 2317 1615 2367 εἴρηκε
1632 2314 1751 2355 ε-Τ.

287 2389 378 2438 146,
407 2400 440 2427 Ι.
477 2390 692 2437 μεσοῦντος
733 2383 944 2439 χειμῶνος]
972 2374 1207 2435 ’μέλλοντος
1249 2382 1311 2432 Τ.,
1353 2382 1507 2423 omisso
1547 2386 1750 2435 χειμῶνος.

226 2455 371 2495 Recte.

288 2524 380 2573 146.
398 2535 461 2562 20.
485 2522 838 2573 ἐνίκα--·φονεύειν
859 2520 989 2560 habet
1010 2519 1058 2559 T.

287 2591 379 2639 146,
398 2601 463 2629 22.
499 2590 560 2628 καὶ
580 2589 727 2628 ἄλλοτε
752 2588 797 2637 δὴ
826 2588 1025 2629 κάκεῖνος;
1057 2589 1177 2626 ταῦτα
1209 2587 1414 2626 ἐπίσταται
1435 2588 1455 2625 ὁ
1485 2585 1648 2637 Νέστωρ
1670 2589 1751 2627 τοῖς

226 2658 312 2709 περὶ
332 2657 402 2707 τὴν
425 2656 581 2708 Κρήτην
602 2656 690 2707 περὶ
713 2654 894 2709 (corrige
925 2656 986 2706 ἐκ)
1010 2658 1078 2694 τοῦ
1109 2655 1293 2706 ναυαγίου
1315 2653 1650 2703 διασεσωσμένοις
1668 2669 1676 2694 :
1693 2677 1750 2684 --

227 2725 274 2766 Τ.
296 2729 392 2780 post
414 2722 598 2764 scholion
619 2723 672 2763 ad
700 2732 792 2774 147,
815 2734 878 2761 12.
900 2722 1227 2762 memorandum.

289 2794 380 2845 146,
402 2805 466 2843 24.
507 2789 748 2830 Μαλειάωνε
779 2789 822 2828 τὸ
861 2789 1021 2829 Μάλιον
1060 2788 1170 2840 λέγει
1206 2788 1444 2841 ἀκρωτήριον
1481 2788 1547 2836 τῆς
1576 2789 1749 2825 Λακωνι-

228 2862 383 2909 'dyst—-
401 2858 487 2911 (Ad
517 2873 552 2897 v.
574 2857 684 2908 238.)
708 2855 922 2907 στυγερήν;
956 2858 975 2895 ὁ
1006 2856 1102 2898 Ζεὺς
1133 2859 1293 2907 προεῖπε
1322 2857 1396 2906 γὰρ
1426 2855 1526 2893 τότε.
1559 2852 1750 2903 στυγερὴν

228 2929 392 2979 εὐρύοπα
414 2928 511 2968 Ζεύς
535 2925 632 2978 (sic)
651 2941 658 2964 :
678 2949 734 2954 —-
753 2923 800 2963 T.
