1956 3239
766 84 1186 127 APPENDIX.
1658 94 1743 135 737

270 210 339 249 44,
360 198 422 238 16.
445 198 636 250 στυγερὸν
657 212 736 239 om.
757 198 804 238 T.

272 267 306 305 εἰ
333 266 538 318 βούλοιτο]
578 266 621 306 οὐ
652 268 726 318 γὰρ
757 267 944 316 βούλοιτο
968 266 1015 305 Τ.
1046 265 1115 320 qui
1146 266 1226 307 hoc
1252 266 1437 308 scholion
1469 270 1599 311 habet
1631 271 1739 313 infra

212 337 308 385 post
329 347 368 386 p.
392 345 460 385 49,
482 344 546 386 23.

268 412 336 449 44,
363 411 428 452 23.
453 411 518 450 24.
541 399 670 440 habet
693 399 740 439 T.

268 480 335 516 44,
362 478 428 519 25.
451 466 495 506 τὸ
519 468 550 506 ε’.
572 470 688 517 δηλοῖ
704 467 748 506 τὸ
771 481 851 506 om.
871 467 917 506 T.

267 547 335 584 44,
361 544 427 586 27.
449 535 763 588 παλαστήσασα]
790 534 1099 585 παλαιστήσασα
1122 534 1169 574 Τ.

265 612 334 654 45,
359 614 395 653 7.
429 600 481 641 In
501 602 551 641 E.
575 604 622 641 τὰ
643 602 714 652 ἔπη
737 605 858 642 ταῦτα
886 604 1084 653 ζητοῦμεν
1117 602 1160 642 τὸ
1188 604 1222 643 εἰ
1250 605 1325 655 γὰρ
1351 607 1421 644 νῦν
1447 605 1574 646 ἐλθὼν
1603 608 1665 648 καὶ
1690 610 1737 649 τὰ

210 670 295 718 ἑξῆς
325 669 386 708 καὶ
406 669 450 708 τὸ
470 673 574 711 τοῖος
598 670 672 709 ἐὼν
693 670 777 709 οἶον
797 673 930 721 πρῶτα
957 670 1104 720 ἐνόησα
1124 672 1230 721 παρὰ
1250 671 1300 724 τῷ
1317 670 1521 726 Ἀγχιάλῳ
1543 676 1735 725 ξενιζόμε-

209 752 291 775 νον.
334 737 466 787 φαμὲν
487 736 568 783 οὖν,
594 737 750 789 εὔχεται
782 737 882 790 αὐτῷ
905 738 1001 777 ι’δεῖν
1023 738 1064 776 ἐν
1086 740 1166 778 τοῖς
1189 740 1432 789 μνηστῆρσιν
1455 741 1553 780 οὕτω
1576 741 1733 794 ἔχοντα.

210 802 333 841 καίτοι
360 805 439 843 πῶς
463 801 512 851 ἢν
533 801 957 853 φοβερὸς-διάνοιαν.
1000 802 1043 841 τὸ
1065 806 1162 854 γοῦν
1183 802 1316 854 λέγειν
1339 803 1503 844 πίνοντά
1524 806 1736 846 τε-Μέν-

207 885 266 923 τῃ,
289 868 582 920 ἠρώτηται-τὸ
604 873 700 921 γοῦν
722 869 927 910 τοῖος-τὸ
948 869 1100 919 ἡλικίας
1119 869 1335 920 ῥωμαλέον.
1380 871 1518 912 ἐνθάδε
1540 876 1636 924 γοῦν
1658 890 1735 913 τοι-

207 936 322 975 ούτου
344 936 618 987 ὀφθησομένου
640 939 707 975 τοῦ
722 935 951 978 Ὀδυσσέως
973 936 1152 987 ἀνδρείου
1175 936 1234 976 καὶ
1261 939 1359 987 μετὰ
1381 938 1517 978 ὅπλων
1538 941 1650 994 χρείᾳ
1665 956 1734 980 :—

262 1004 331 1054 46,
352 1015 415 1053 17.
436 1004 498 1042 18.
519 1002 687 1055 Ἐφύραι
704 1007 817 1054 τρεῖς,
836 1004 860 1053 ἤ
876 1002 1142 1046 τε--’Ήλιὸος
1163 1004 1275 1056 (nam
1297 1005 1355 1044 sie
1377 1010 1491 1046 reete
1507 1006 1732 1061 scriptum)

206 1069 336 1110 habet
356 1071 403 1110 T.

262 1139 330 1187 46,
356 1150 421 1179 20.
445 1137 616 1191 Φέρητα]
639 1137 764 1178 Adde
786 1138 829 1177 οὗ
852 1138 1058 1188 Μέρμερος
1080 1151 1130 1176 ex
1156 1137 1202 1177 T.

264 1205 307 1244 οὗ
329 1203 484 1256 ὁἾλος]
510 1205 554 1244 οὗ
575 1206 686 1247 ἵλλος
709 1204 757 1244 Τ.

260 1283 329 1324 47,
353 1272 530 1322 14—18.
554 1272 684 1312 habet
706 1272 753 1312 T.

261 1350 330 1392 47,
349 1341 414 1379 16.
437 1357 498 1392 γρ.
517 1339 565 1390 ἤν
586 1356 660 1379 που
682 1340 840 1390 ἐφεύροι
861 1353 942 1379 om.
963 1338 1011 1378 T.

261 1418 329 1460 47,
353 1406 412 1447 18.
437 1407 488 1462 τῷ
511 1409 661 1459 δοῦναι]
688 1407 731 1446 τὸ
753 1410 887 1447 δοῦναι
910 1407 957 1447 Τ.

261 1474 330 1526 48,
356 1476 393 1514 8.
417 1475 506 1515 οὐδὲ
528 1475 577 1516 ὡς
597 1474 705 1515 male
731 1489 757 1514 a
784 1473 970 1514 Prellero
1001 1475 1156 1515 lectum
1187 1491 1263 1529 pro
1286 1476 1362 1516 οὐδ’
1384 1478 1498 1525 ὅλως,
1523 1479 1632 1532 quod
1663 1483 1729 1519 est

204 1539 246 1580 in
269 1541 317 1581 T.

261 1609 329 1659 48,
354 1622 363 1647 ι
373 1620 412 1662 5.
437 1607 536 1662 τόξῳ
559 1608 781 1649 Prellerus.
824 1610 938 1659 τόξον
956 1609 1002 1649 Τ.

261 1676 330 1725 48,
353 1688 376 1729 3
392 1690 422 1715 1.
445 1676 564 1717 οὔσας
586 1675 809 1716 Prellerus.
852 1677 968 1718 ὄντας
989 1676 1035 1715 Τ.

260 1743 329 1794 48,
353 1755 421 1797 33.
447 1743 716 1796 πευκεδανοῖο]
743 1742 942 1796 Sequitur
962 1742 1003 1782 in
1020 1743 1067 1782 T.
1092 1742 1279 1782 scholion
1303 1744 1381 1785 ἰοὺς
1401 1744 1604 1796 χρίεσθαιε
1636 1762 1727 1798 προ-

204 1810 781 1861 κατεσκεύασεν-μνηστῆρες,
805 1810 916 1863 quod
948 1824 1042 1849 cum
1070 1809 1268 1850 lemmate
1294 1810 1499 1862 φάρμακον
1529 1812 1728 1863 διζήμενος

205 1882 259 1926 (v.
285 1878 397 1929 261.)
418 1877 572 1931 legitur
599 1891 726 1931 supra
747 1892 786 1930 p.
809 1888 877 1930 47,
899 1890 960 1927 14.
1023 1877 1128 1916 Tum
1150 1877 1197 1916 T.
1220 1877 1361 1932 pergit
1389 1879 1533 1925 ἄλλως,
1558 1881 1620 1919 καὶ
1647 1885 1727 1923 πῶς

203 1945 296 1993 αὕτη
328 1943 504 1994 ἐκέκτητο
533 1945 644 1996 φησί.
687 1942 777 1983 ἀλλ’
802 1945 822 1983 ὁ
847 1945 920 1993 μὲν
936 1942 1073 1985 Ἴλλος
1103 1945 1199 1995 ὑπὲρ
1229 1946 1296 1986 τὰς
1329 1944 1425 1986 ἰδίας
1457 1945 1628 1996 ἀνάγκας
1656 1948 1727 1997 τὴν

204 2013 340 2060 κτῆσιν
369 2012 523 2061 ἀσεβεῖ.
588 2011 709 2064 (Haec
738 2010 894 2065 partim
923 2010 1031 2051 infra
1058 2025 1096 2064 p.
1112 2012 1180 2061 48,
1205 2025 1271 2065 34.
1288 2025 1356 2065 49,
1381 2024 1499 2051 1—2.
1529 2012 1726 2067 leguntur

203 2092 254 2117 ex
274 2077 346 2131 E.)
364 2080 502 2128 ὁμοίως
524 2080 565 2118 δὲ
588 2079 650 2118 καὶ
671 2080 691 2118 ὁ
707 2077 924 2131 Ἀγχίαλος
944 2078 1166 2130 ἀπολογίαν
1184 2079 1280 2130 ἔχει·
1315 2079 1359 2118 οὗ
1380 2081 1455 2131 γὰρ
1477 2078 1574 2134 ξένῳ
1591 2086 1724 2133 παρεῖ-

201 2161 274 2197 χεν
295 2144 385 2184 ἀλλ’
405 2146 458 2187 εἰς
479 2146 660 2197 ἀδελφῶν
681 2149 743 2185 διὰ
764 2145 806 2185 τὸ
828 2146 1088 2196 ὑπερβάλλον
1109 2148 1174 2195 τῆς
1195 2147 1332 2197 φιλίας
1353 2146 1395 2185 τὸ
1422 2147 1586 2197 εὐσεβὲς
1606 2148 1724 2200 παρέ-

201 2216 255 2262 βη
276 2212 320 2251 τὸ
340 2213 451 2252 ἴδιον.
498 2212 605 2252 Tum
629 2213 698 2264 (ad
720 2227 755 2253 V.
782 2212 902 2267 262.)
925 2213 1014 2252 ἀλλ’
1033 2214 1053 2252 ὁ
1073 2214 1147 2260 μὲν
1168 2213 1212 2253 οὔ
1234 2214 1269 2252 οἱ
1292 2216 1427 2253 δῶκεν.
1473 2215 1580 2254 ἀλλὰ
1600 2215 1724 2268 πατήρ

202 2280 239 2319 οἱ
267 2282 387 2318 δῶκεν
415 2280 516 2329 ἐμός.
560 2281 777 2328 Ζηνόδοτος
798 2284 877 2320 etc.
905 2281 1014 2333 (quae
1045 2293 1151 2320 cum>
1169 2279 1367 2321 lemmate
1398 2295 1473 2321 suo
1503 2282 1615 2335 apud
1648 2296 1724 2322 nos

200 2361 239 2399 p.
257 2357 326 2398 47,
351 2346 428 2399 16.)
453 2361 584 2400 usque
605 2347 658 2387 ad
680 2348 905 2398 παρέπεται.
969 2347 1074 2387 Post
1096 2361 1187 2401 quae
1210 2348 1286 2399 (ad
1302 2362 1338 2388 V.
1355 2349 1471 2401 262.)
1498 2348 1539 2388 τὸ
1561 2351 1601 2388 δὲ
1622 2353 1723 2401 χαλ-

203 2412 337 2464 κήρεας
358 2414 426 2453 οὐκ
454 2414 543 2454 ἔστε
569 2401 772 2465 σύνθετον,
793 2416 899 2454 ἀλλὰ
926 2414 1177 2466 παράγωγον.
1219 2416 1384 2466 ’γούνασι
1411 2419 1534 2456 κεῖται
1557 2416 1721 2469 (267.):

203 2480 389 2532 ἐνισχύει.
430 2482 618 2530 ἐνδεήσει.
644 2481 688 2533 (i.
713 2495 748 2521 e.
774 2483 815 2521 ἐν
838 2482 956 2533 ἰσχύϊ,
980 2482 1022 2521 ἐν
1045 2481 1212 2533 δεήσει.)

259 2560 327 2598 49,
348 2559 409 2587 12.
434 2547 662 2589 καλῶς-τὸ
690 2547 904 2599 μειράκιον]
943 2548 1335 2600 κακῶς-κατέστησε
1356 2549 1424 2589 τὸν
1445 2550 1569 2601 λόγον
1596 2551 1716 2590 ἐπε...

207 2613 302 2653 ...τὸ
323 2613 522 2665 μειράκιον
542 2613 589 2653 Τ.

257 2695 326 2734 49,
351 2694 412 2731 14.
436 2682 632 2735 δηλονότι]
661 2683 782 2730 δῆλον
804 2683 844 2721 δὲ
867 2683 925 2721 ὅτι
946 2681 996 2720 Τ.

257 2762 326 2801 49,
347 2761 412 2790 22.
435 2748 667 2802 μαρτυροῦν]
691 2752 1055 2799 συμμαρτυροῦντας
1077 2749 1125 2788 Τ.

261 2815 438 2868 ἐκείνων]
465 2815 590 2855 αὐτῶν
607 2815 654 2854 Τ.

258 2896 326 2933 49,
352 2882 416 2922 28.
440 2881 700 2935 ἀπόπεμψον]
726 2881 947 2933 ἀποπέμψω
965 2882 1013 2922 Τ.
