1956 3239
680 78 1136 139 'APPENDIX
1608 95 1690 139 767

228 225 322 268 293,
335 227 372 267 9.
389 210 649 265 θεραπαινῶν]
665 211 947 263 θεραπαινίδων
961 209 1211 250 Buttmanni
1229 209 1369 258 editio,
1380 209 1559 249 fortasse
1573 222 1624 248 ex
1641 208 1688 248 P.

227 292 321 334 293,
342 291 404 334 15.
427 278 556 332 ὁποία]
579 280 694 319 ὁποῖα
718 277 822 329 ΕΗΩ

227 359 321 401 293,
340 361 404 399 19.
428 346 619 387 Breviter
639 345 681 385 in
704 346 759 386 T.
781 346 887 399 ὕπνῳ
911 345 972 384 καὶ
1003 343 1178 397 καμάτῳε
1215 342 1237 393 ἢ
1260 347 1542 393 συλληπτικῶς·
1576 344 1595 381 ὁ
1620 344 1693 394 γὰρ

167 415 286 456 ὕπνος
313 414 358 455 οὐ
384 413 570 465 βλάπτει·
602 412 690 463 ἢτὸ
718 411 906 464 ἀρημένος
936 411 1018 451 ἀντὶ
1046 413 1114 450 τοῦ
1145 409 1394 460 νενικημένος
1414 408 1436 459 ἦ
1464 409 1692 460 κεκρατημέ-

168 498 234 523 νος
248 497 318 521 :—

223 546 517 599 βεβλαμμένος.
560 546 661 601 ἤτοι]
683 546 766 597 ἤτοι
786 544 1067 596 βεβλαμμένος
1090 543 1194 595 E.Q.

228 629 323 670 294,
343 616 380 656 8.
403 617 593 668 πρότερον
613 629 694 655 om.
719 614 878 666 BE.Q

228 697 321 736 294,
342 694 408 737 25.
431 682 601 735 σκάψαι]
628 682 769 723 ἐλάσαι
791 682 841 733 Q.

228 763 322 804 295,
341 752 379 791 6.
401 751 423 800 ἡ
446 751 524 790 ἀπό
545 750 631 790 ἀντὶ
652 752 718 799 τῆς
739 748 843 800 παρά
863 752 929 789 est
949 746 1078 788 etiam
1099 746 1141 786 in
1160 747 1214 786 T.

227 818 322 872 296,
340 831 379 872 3.
402 822 523 857 ταῦτα
545 819 587 857 δὲ
608 818 738 858 habeb
760 818 828 865 Τ.,
852 830 932 856 om.
957 815 1005 855 P.

227 886 322 936 296,
342 898 406 925 11.
430 886 661 935 ἀναβαίνεις
695 885 781 924 ἀντὶ
803 886 871 923 τοῦ
892 882 1127 933 ἀναβιβάζει
1142 896 1212 920 z—
1235 881 1290 920 T.

228 953 321 1005 296,
342 964 406 992 12.
429 965 489 1006 13.
523 952 616 991 Hoc
638 950 823 991 scholion
846 949 887 989 in
910 949 960 1000 Q.
985 948 1246 1002 adscriptum
1270 947 1326 988 ad
1348 947 1438 987 ἀλλ’
1457 946 1517 999 ἄγ’
1538 948 1696 999 ἐπότρυ-

168 1036 236 1060 νον
252 1034 288 1059 v.
311 1020 393 1073 36„
416 1019 569 1059 omisso
591 1020 613 1069 ἡ
633 1022 734 1059 ante
756 1018 907 1067 ἔπειξις.

228 1088 323 1140 296,
344 1100 406 1141 15.
429 1088 473 1142 τῇ
495 1088 594 1138 φίλῃ
618 1088 713 1126 κατὰ
734 1085 889 1138 σχολήν
911 1098 992 1124 om.
1012 1084 1069 1123 Τ.

227 1166 322 1208 297,
341 1167 381 1208 3.
404 1154 474 1205 τὴν
494 1168 574 1194 om.
599 1153 720 1204 RQ„
743 1153 902 1194 habent
922 1152 973 1192 T.
997 1156 1041 1192 et
1066 1151 1266 1192 Eustath.

228 1232 323 1277 297,
344 1232 409 1261 20.
431 1220 680 1261 τὸν-τόπον
696 1220 742 1260 Τ.
784 1221 915 1260 τόπων
939 1218 1111 1270 (omisso
1133 1218 1221 1271 τὸν)
1245 1217 1386 1258 ceteri.

229 1299 323 1341 297,
344 1300 409 1328 21.
432 1287 546 1340 ὅταν]
572 1287 667 1326 ὅταν
688 1286 800 1338 λέγει
823 1287 891 1335 Τ.,
915 1284 1067 1325 omisso
1089 1284 1197 1324 infra
1217 1284 1328 1338 λέγῃ.

226 1355 270 1396 τὸ
297 1354 566 1408 δόρυ-λέγῃ]
587 1371 632 1406 ρυ
656 1353 746 1408 (sic,
770 1352 932 1393 omissis
962 1352 1095 1394 literis
1116 1352 1160 1392 τὸ
1182 1356 1226 1393 et
1251 1352 1314 1402 ὃο)
1338 1352 1432 1392 ποτὲ
1460 1352 1533 1401 μὲν
1553 1352 1696 1402 μελίαν

170 1423 246 1464 ἀπὸ
268 1426 335 1463 τοῦ
356 1423 466 1470 ὅλου,
489 1421 662 1475 χάλκεον
684 1419 725 1461 δὲ
748 1421 825 1460 ἀπὸ
846 1419 982 1472 μέρους
999 1435 1066 1460 :—-
1089 1421 1143 1460 T.

229 1490 322 1543 298,
341 1501 410 1543 32.
433 1487 717 1541 ψελλιζομένη]
740 1486 976 1539 ψεκιζομένη
999 1486 1049 1526 Ε.

226 1569 323 1611 300,
344 1570 377 1596 1.
400 1556 614 1609 δεχομένῳ]
638 1554 848 1607 δεχομένης
869 1553 1030 1604 ΒΗΕΩ.

226 1637 326 1678 300,
344 1625 382 1664 6.
405 1624 475 1673 τὴν
496 1622 847 1675 φύσει-μάστιγα
869 1619 1052 1674 φαεινήν]
1075 1618 1178 1661 τινὲς
1199 1619 1268 1669 τὴν
1289 1617 1433 1667 λευκὴν
1455 1618 1505 1660 ὡς
1534 1617 1596 1657 καὶ
1622 1617 1694 1667 μά-

172 1709 288 1744 στιγα
316 1690 496 1743 φαεινήν.
538 1689 560 1740 ἢ
582 1689 652 1739 τὴν
673 1689 793 1741 φύσει
820 1687 999 1740 φαεινὴν,
1029 1688 1113 1727 οἶόν
1135 1688 1220 1727 ἐστι
1249 1685 1375 1725 καὶτὸ
1397 1685 1565 1737 φαεινὴν
1592 1684 1694 1736 ἀμφὶ

173 1758 348 1809 σελήνην
362 1774 430 1798 ;-
451 1758 506 1796 Τ.

230 1837 325 1879 300,
346 1825 407 1864 18.
440 1824 507 1864 Ad
528 1839 565 1864 v.
591 1834 657 1878 79.
679 1822 801 1875 ὑγρὸν
823 1822 985 1861 ἕλαιαν;
1019 1821 1062 1860 τὸ
1082 1820 1133 1871 μὴ
1157 1820 1222 1860 ἐὸν
1246 1819 1427 1873 (corrige
1457 1820 1548 1871 ἐῶν)
1573 1823 1696 1868 σκλη-

169 1892 357 1943 ρύνεσθαι
373 1906 440 1930 ;-
462 1891 516 1930 T.

229 1971 330 2012 300,
349 1970 416 1999 21.
439 1957 526 2009 τοῦ]
549 1957 592 1997 τὸ
615 1956 723 2007 RQ.

231 2039 328 2081 302,
346 2039 386 2078 4.
408 2023 637 2078 πρόσρηξιν]
659 2023 754 2075 πρὸς
773 2024 882 2075 ῥῆξιν
904 2022 953 2073 Q.

231 2106 328 2147 302,
349 2105 415 2135 22.
438 2092 529 2146 ἀπὸ]
553 2091 746 2144 γράφεται
768 2089 843 2130 ἀπὸ
865 2088 984 2140 B.Q.‚
1008 2087 1086 2127 nisi
1111 2087 1216 2128 Maii
1237 2100 1354 2127 error
1377 2090 1452 2126 est.

232 2172 328 2216 302,
349 2173 416 2213 24.
439 2157 738 2212 παραδέδονται]
761 2157 1048 2209 παραδίδοσθαι
1071 2155 1176 2206 B.Q.

229 2241 328 2283 303,
345 2241 385 2281 3.
409 2227 580 2280 ῥηθέντι]
607 2225 804 2278 ῥηθέντων
826 2224 874 2275 Q.

232 2309 327 2350 303,
349 2308 414 2350 29.
435 2294 603 2347 ὑδάτων]
630 2295 755 2333 ὑκτῶν
776 2290 906 2332 editio
931 2289 1104 2330 Mediol.
1125 2289 1244 2344 quasi
1264 2290 1386 2330 ὑετῶν
1403 2286 1594 2329 voluerit.

232 2363 458 2418 συστροφῇ]
483 2362 634 2416 στροφῇ
658 2360 707 2411 Q.

232 2443 332 2484 304,
353 2441 390 2469 2.
412 2427 604 2482 τυχηρῶς]
628 2431 796 2480 τυχερῶς
818 2426 868 2478 Q.

231 2508 329 2550 305,
350 2508 385 2536 2.
409 2497 491 2546 ὀπὶ]
517 2497 592 2549 ὁπῇ
616 2494 664 2545 Q.

232 2576 331 2617 305,
350 2574 389 2614 7.
412 2561 595 2616 ἀοιδιάει]
619 2559 765 2600 ἀοιδάει
787 2559 837 2610 Q.

234 2640 330 2685 305,
352 2642 413 2669 10.
438 2628 596 2677 κλάδον,
619 2628 800 2679 φύλλων]
827 2625 969 2668 κλάδος
989 2626 1156 2677 φύλλων
1176 2625 1226 2664 Β.

234 2709 334 2752 305,
354 2708 420 2747 24.
441 2695 490 2746 ἦν
510 2695 594 2745 τὰς]
621 2693 688 2734 Sic
711 2694 780 2742 Τ.,
803 2706 887 2732 non
910 2692 1029 2734 αὐτὰς
1049 2697 1097 2733 ut
1117 2691 1230 2746 apud
1253 2691 1500 2731 Prellerum.

235 2773 332 2819 305,
352 2775 417 2804 21.
439 2761 600 2802 πυκινὸν
622 2761 766 2811 δόμονε
800 2758 889 2813 τὸν]
913 2758 956 2799 τὸ
978 2760 1019 2799 δὲ
1041 2759 1202 2800 πυκινὸν
1223 2760 1343 2809 δόμον
1364 2758 1432 2798 τὸν
1450 2758 1505 2797 Τ.

235 2829 440 2884 φυλάκων]
464 2832 580 2869 τινῶν
598 2828 654 2868 Τ.

236 2908 335 2952 305,
354 2909 420 2949 24.
444 2891 852 2947 τὰς-τεθραμμένας]
880 2890 1228 2944 τὰ-τεθραμμένα
1250 2891 1299 2943 Q.
