1956 3239
757 106 1164 146 APPENDIX.
1642 111 1719 151 74⁴1

203 219 328 258 θεῶν”
349 216 418 270 (ll.
441 235 478 268 η,
496 219 598 271 93.)‚
621 219 760 269 ταύτην
780 220 822 259 δὲ
845 219 892 258 αὖ
913 219 1091 259 δίδοσθαι
1111 219 1277 269 μηδενὸς
1297 220 1636 271 προκατάρξαντος
1658 221 1724 259 ἀν-

203 285 356 335 θρώπου
379 286 420 324 ἐκ
441 287 507 334 τῆς
523 285 666 327 οἰκείας
686 287 848 335 βουλῆς.
883 290 909 308 “
925 284 1032 325 ὅσσα
1053 284 1083 325 δ’
1103 284 1160 336 ἄρ’
1179 285 1350 337 ἄγγελος
1366 285 1446 325 ὦκα
1469 289 1564 325 κατὰ
1586 288 1726 326 πτόλιν

202 350 327 405 ᾤχετο
356 351 496 400 πάντα,
523 351 756 403 μνηστήρων
781 353 974 404 στυγερὸν
999 352 1169 392 θάνατον
1193 353 1255 392 καὶ
1285 352 1363 404 κῆρ’
1383 352 1603 392 ἐνέπουσα”
1623 353 1724 403 (Od.

203 436 244 466 ω,
267 419 386 471 414.)
408 419 497 471 περὶ
524 421 599 471 γὰρ
620 419 665 459 τὸ
695 418 802 460 ὄσσα
823 420 866 460 τὸ
888 419 1119 460 ἐννέπουσα.
1162 420 1206 460 τὸ
1231 422 1305 471 μὲν
1327 420 1395 460 οὖν
1416 421 1637 471 ὀσσόμενος
1659 437 1727 469 ση-

202 487 334 535 μαίνει
354 486 398 526 τὸ
421 486 626 539 εἰρημένον
641 503 709 528 :——·

261 567 328 610 97,
350 569 526 610 11—13.
563 556 631 596 Sic
653 555 772 608 HQ.
835 557 1040 598 Similiter
1070 557 1110 597 in
1139 557 1245 597 RE.
1268 557 1311 597 τὸ
1344 558 1460 609 ἐγγύς
1485 557 1530 597 οὗ
1550 561 1726 605 τοπικῶς,

204 625 311 662 ἀλλὰ
339 627 539 675 χρονικῶς.
584 625 627 664 ἐν
647 622 819 678 Ὠγυγίᾳ
848 626 921 676 γὰρ
952 624 1056 679 νήσῳ
1084 625 1145 674 ἣν.
1189 626 1304 666 λύσις
1330 626 1371 665 δὲ
1399 628 1510 664 τοῦτο
1536 628 1604 664 τοῦ
1633 626 1728 664 ἀπο-

202 693 362 741 ροῦντος
384 692 438 732 εἷς
459 691 502 730 τὸ
526 692 654 743 ἐγγύς·
687 691 876 732 τάσσεται
898 693 973 743 γὰρ
994 695 1107 731 τοῦτο
1139 692 1199 731 καὶ
1229 692 1292 731 ἐπὶ
1320 693 1465 743 χρόνου
1492 692 1552 731 καὶ
1581 691 1643 731 ἐπὶ
1665 692 1728 730 τό-

203 773 289 797 που.
354 756 497 798 Prima
518 758 646 798 verba
667 758 710 798 τὸ
740 758 963 810 ἐγγύς-ἧν
988 763 1087 798 sunt
1116 757 1244 798 etiam
1273 758 1313 797 in
1337 757 1452 807 ILS„
1476 758 1548 798 sed
1576 757 1728 799 omisso

204 827 322 880 νήσῳ.

261 905 329 947 97,
355 907 420 945 24.
445 895 670 950 ἑσπερινὸν]
694 896 880 947 ἑσπέριον
902 896 953 935 Ε.

262 964 329 1017 98,
349 977 411 1004 10.
436 964 719 1018 ὑποστίζωμεν]
751 966 1040 1016 ὑπερστίζωμεν
1062 964 1165 1016 EQ.
1211 964 1454 1015 (Codicibus
1485 965 1730 1005 Ambrosia-

204 1030 281 1078 nis,
308 1030 412 1072 BE.
435 1036 478 1072 et
501 1032 549 1083 Ω.
584 1031 805 1072 brevitatis
836 1046 985 1073 caussa
1014 1032 1293 1073 adscribimus
1319 1032 1518 1086 quidquid
1553 1032 1595 1072 in
1625 1031 1730 1072 Maii

205 1097 387 1138 editione
412 1097 716 1138 Mediolanensi
748 1098 926 1153 legitur:
958 1098 1069 1139 inter
1089 1113 1198 1152 quae
1219 1113 1302 1138 non
1334 1113 1469 1152 pauca
1489 1112 1579 1138 esse
1601 1097 1732 1137 videri

205 1179 312 1220 quae
333 1165 396 1206 vel
425 1166 479 1206 ab
509 1165 670 1206 editore
701 1180 784 1205 non
815 1170 931 1207 recte
961 1166 1071 1206 lecta
1098 1165 1162 1206 vel
1193 1166 1247 1206 ab
1274 1165 1509 1219 typothetis
1531 1168 1733 1219 corrupta

205 1232 292 1273 sint
313 1247 441 1287 supra
462 1232 688 1283 dicebam).

267 1312 358 1347 102,
384 1313 503 1350 1—4.
525 1300 658 1341 habet
680 1300 744 1348 T.,
767 1301 919 1341 omisso
942 1302 1093 1353 ἀπρεπῆ
1114 1301 1185 1341 lin.
1205 1314 1242 1354 3.

268 1380 359 1417 102,
379 1369 418 1408 6.
443 1370 749 1421 κακορραφίῃσιε
776 1371 1112 1416 κακοσυνθεσίαις,
1130 1369 1439 1423 κακοφραδίῃσιν
1455 1385 1521 1408 ;-
1539 1369 1584 1408 Τ.
1622 1368 1734 1409 Ante

207 1442 368 1489 κακοφρ.
391 1436 597 1477 excidisse
624 1436 793 1478 videtur
819 1439 923 1479 τινὲς
951 1439 992 1478 δὲ
1020 1436 1230 1489 γράφουσι.
1296 1437 1346 1476 In
1368 1437 1421 1476 V.
1451 1441 1516 1477 est
1545 1453 1734 1477 κακοσυν-

206 1504 368 1553 θεσίαις,
394 1507 684 1555 κακοβουλίαις,
710 1506 1026 1557 κακομηχανίαις.

269 1582 359 1619 102,
383 1584 445 1611 10.
475 1572 523 1610 In
545 1571 590 1611 T.
616 1573 670 1614 εἷς
691 1572 878 1623 τιμωρίαν
898 1571 1132 1621 ὑποθέμενοι
1153 1573 1222 1613 τὰς
1252 1573 1348 1613 ι’δίας
1378 1570 1567 1623 κεφαλάς.
1618 1571 1661 1610 τὸ
1693 1572 1734 1610 δὲ

207 1638 313 1691 σφάς
340 1639 534 1689 ὀξυντέον.
588 1639 762 1690 κτητικὸν
788 1639 862 1691 γάρ
884 1641 993 1680 ἐστιν
1020 1640 1105 1679 ἀντὶ
1126 1643 1193 1678 τοῦ
1224 1639 1432 1691 σφετέρας.
1485 1639 1528 1678 τὸ
1559 1640 1599 1679 δὲ
1628 1638 1736 1679 οἶκον

205 1703 425 1756 Ὀδυσσῆος
445 1711 716 1757 μετωνυμικῶς
745 1709 794 1747 τὰ
826 1708 869 1747 ἐν
900 1707 953 1760 τῷ
986 1708 1090 1760 οἴκῳ.
1137 1707 1181 1746 τὸ
1214 1708 1255 1747 δὲ
1286 1706 1520 1758 παρθέμενοι
1551 1706 1638 1746 ἀντὶ
1669 1709 1737 1746 τοῦ

208 1773 394 1827 ἐνέχυρον
424 1773 581 1824 θέμενοι
612 1774 699 1814 ἀντὶ
729 1777 797 1815 τοῦ
825 1775 877 1825 μὴ
909 1775 959 1816 ὡς
988 1774 1236 1825 ὑποκείμενοι
1267 1776 1336 1816 τὰς
1368 1776 1514 1814 ἑαυτῶν
1545 1773 1733 1825 κεφαλάς,

208 1842 315 1881 ἀλλὰ
336 1840 597 1891 διατιθέμενοι
620 1841 717 1880 αῧτα
741 1842 862 1892 (corr.
882 1840 1014 1893 αὐτάς)
1035 1856 1104 1879 :—

271 1919 362 1954 102,
388 1917 446 1960 17.
472 1907 575 1960 ἐστι]
606 1906 751 1947 Scribe
772 1907 847 1959 γάρ
871 1908 954 1946 ἐστι
975 1920 1027 1945 ex
1049 1907 1095 1945 T.

272 1988 362 2030 103,
390 1987 424 2015 2.
450 1974 618 2029 ἔδειξεν]
644 1975 791 2025 ἔδειξεν
813 1977 883 2015 οὖν
906 1975 953 2015 Τ.

275 2056 365 2096 103,
387 2055 426 2097 3.
451 2043 629 2094 ἔπρασσε
660 2045 759 2096 πᾶν]
788 2043 1013 2092 ἐπράσσετο
1038 2044 1080 2082 τὸ
1105 2046 1182 2083 πᾶν
1202 2042 1251 2082 Τ.

271 2123 362 2164 103,
386 2124 427 2162 4.
453 2111 515 2150 καὶ
536 2110 769 2161 πλεόνεσσι]
797 2111 858 2150 καὶ
880 2124 959 2150 0111.
977 2110 1026 2149 T.

272 2192 364 2232 103,
387 2192 428 2231 5.
462 2178 513 2218 In
539 2178 587 2218 T.
613 2179 796 2221 πλείονες
827 2179 950 2230 φησὶν
986 2180 1157 2220 ἐκώλυεν
1189 2178 1438 2231 περιέσονται
1475 2179 1737 2229 κωλυούμενοι

215 2246 306 2299 (sic)
326 2263 395 2287 :—

274 2327 364 2368 103,
389 2314 427 2354 8.
461 2313 511 2352 In
537 2313 582 2353 T.
615 2315 648 2354 εἰ
681 2315 900 2354 πλεόνεσσι
931 2312 1111 2366 μάχοιτο.
1165 2315 1198 2353 εἰ
1231 2314 1475 2353 πλεόνεσσιν
1508 2313 1653 2353 ἕποιτο.
1706 2315 1739 2353 εἰ

211 2382 358 2421 πολλοὶ
379 2381 480 2435 αὐτῷ
502 2382 671 2428 ἕποιντο,
696 2383 730 2421 εἰ
757 2381 929 2422 πολλοὺς
950 2381 1120 2424 ὀπαδοὺς
1142 2381 1238 2433 ἔχει.
1279 2382 1383 2422 τινὲς
1405 2382 1446 2421 δὲ
1468 2380 1628 2432 λέγοιτο
1645 2379 1738 2432 (Sic)

211 2449 376 2501 μάχοιτο
398 2449 593 2500 γράφεται
615 2448 706 2500 (sio)
726 2463 793 2488 :—

276 2528 367 2569 103‚
388 2529 402 2554 1
420 2529 450 2555 1.
474 2514 563 2554 ἀλλ’
583 2516 628 2555 οὐ
650 2517 955 2567 συναγαγόντως
976 2516 1104 2569 λύειν]
1127 2516 1254 2556 ἄλλου
1276 2517 1570 2567 συναγαγόντος
1591 2515 1738 2555 λύειΤ.

274 2595 368 2636 103,
394 2595 453 2636 13.
477 2585 727 2632 διασυρτικῶς
748 2596 829 2622 om.
844 2582 890 2622 T.

276 2662 371 2701 104,
394 2660 433 2703 5.
457 2651 477 2689 ὁ
498 2649 733 2702 μὲν-αὐτῷ
754 2648 884 2689 habet
906 2649 954 2688 T.

277 2730 369 2768 104,
395 2717 432 2756 8.
455 2715 658 2767 ἠεροειδέα
687 2717 857 2755 πόντον;
893 2716 978 2755 ἐπεὶ
1008 2716 1132 2765 μόνον
1154 2716 1249 2768 ἀέρα
1271 2719 1416 2768 ὁρῶσιν
1438 2719 1475 2756 οἰ
1496 2713 1740 2763 πλέοντες,ἣ

214 2785 274 2823 ὅτι
301 2783 384 2835 ἀέρι
412 2784 526 2835 ὁμοία
552 2783 574 2833 ἡ
606 2782 793 2823 θάλασσα
819 2782 888 2832 τὴν
912 2782 1052 2834 χροιάν
1067 2785 1284 2826 ι-ἄλλως.
1324 2784 1480 2834 μέλανα
1505 2782 1528 2832 ἢ
1554 2781 1740 2831 βαθὺν-

219 2851 342 2900 μόνον
359 2850 427 2890 τὸν
449 2851 543 2902 ἀέρα
565 2848 810 2901 ὁρᾶσθαι-ἢ
834 2850 918 2889 ἐπεὶ
940 2852 1107 2901 καθορᾶν
1128 2850 1196 2890 τὸν
1219 2851 1313 2902 ἀέρα
1336 2853 1503 2900 καθορᾶν
1520 2848 1609 2899 (sio)
1630 2848 1672 2887 ἐν
1689 2850 1739 2901 τῷ

222 2919 341 2965 ὕδατι,
362 2917 382 2967 ἢ
405 2918 463 2957 ὅτι
485 2917 567 2968 ἀέρι
590 2918 703 2966 ὁμοία
723 2917 745 2966 ἡ
767 2915 955 2956 θάλασσα
970 2931 1036 2955 :—-
1059 2916 1108 2957 T.

920 2995 1031 3037 3('2
