1956 3239
790 118 1103 157 ΟΔΎΣΣΕΙΑΣ
1139 119 1188 155 Ψ.
1672 117 1754 158 715

293 219 392 271 482.
418 214 601 275 θεειῶσω]
632 217 799 279 καθάρω.
837 221 893 262 V.

294 309 393 350 493.
419 292 536 349 θήϊον]
568 297 662 337 θεῖον
685 291 840 355 ἄπυρον.
876 297 930 337 V.

293 386 392 427 494.
419 366 656 431 διεθείωσεν]
684 370 946 432 περιήγνισεν.
984 373 1038 413 V.

294 457 392 501 500.
417 443 641 506 αἰνύμεναι]
669 445 970 504 λαμβάνουσαι.
1010 448 1066 491 Q.
1136 444 1522 505 ε’πιλαμβανόμεναι.
1558 451 1609 491 V.

966 657 1021 698 Ψ.

829 778 1148 821 ΎΠΟΘΕΣΙΣ.

294 861 497 922 Ἀγγελῖα
522 861 769 924 Εὗρυκλεῖας
795 861 1010 927 Πηνελόπῃ
1033 861 1120 925 περὶ
1145 868 1213 908 τοῦ
1238 862 1468 914 Ὀδυσσέως
1492 860 1559 908 καὶ
1584 869 1657 919 τῆς
1682 869 1757 908 τῶν

227 937 457 1000 μνηστήρων
504 938 750 1000 ἀναιρέσεως,
798 938 1093 1001 οἷναγνωρισμᾶς
1136 960 1180 984 τε
1228 939 1352 995 αὐτῆς
1398 937 1494 1001 πρὸς
1532 939 1753 985 Ὀδυσσέα.

231 1018 337 1060 RQ.

886 1096 1096 1137 ΑΛΛΩΣ.

292 1179 612 1244 Ἀναγνωρισμός
635 1180 864 1235 Ὀδυσσέως
895 1181 990 1246 προς
1018 1184 1087 1239 την
1114 1189 1284 1244 γυναῖκα
1313 1180 1380 1228 καὶ
1405 1189 1477 1228 τῶν
1501 1190 1573 1240 τῆς
1601 1185 1754 1240 πλάνης

228 1257 481 1319 διηγημάτων
509 1256 873 1317 ἀνακεφαλαίωσις·
912 1257 979 1305 καὶ
1002 1258 1233 1311 Ὀδυσσέως
1267 1257 1334 1306 καὶ
1366 1261 1618 1321 Τηλεμάχου
1647 1260 1755 1321 μετὰ

229 1341 301 1380 τῶν
324 1334 468 1380 οἰκείων
493 1333 632 1388 ἐ’ξοδος.
672 1338 726 1380 V.

300 1517 335 1545 Ι.
371 1497 665 1561 καγχαλόωσα]
703 1497 788 1554 ἤτοι
823 1498 1015 1558 γήθουσα,
1044 1499 1152 1562 παρὰ
1183 1498 1227 1545 τὸ
1263 1505 1570 1561 καγχαλᾶσθαι,
1605 1499 1677 1559 ἀφ’
1712 1498 1755 1545 οὗ

229 1575 297 1622 καὶ
326 1579 343 1622 o‘
372 1572 467 1627 οἶνος
496 1576 625 1637 χάλιξ
657 1577 675 1620 o‘
705 1580 841 1637 χαλῶν
865 1575 930 1620 καὶ
955 1574 1075 1627 ἀνιεὶς
1098 1579 1208 1636 ἡμᾶς
1231 1576 1307 1622 ἀπο
1332 1584 1405 1622 τῶν
1429 1577 1654 1640 φροντίδων·
1687 1575 1754 1623 καὶ

289 1721 302 1744 1
316 1720 412 1744 1—1
422 1719 441 1755 3
451 1736 458 1743 .
477 1707 562 1743 Hoc
575 1709 854 1755 Argumentum
867 1707 966 1754 apud

231 1761 407 1798 Eustath.
428 1774 464 1808 p.
483 1771 598 1810 1935.

290 1827 348 1861 14.
379 1816 469 1861 παρὰ
508 1815 543 1848 τὸ
581 1813 845 1859 καγχαλᾶσθαι]
885 1812 966 1848 Ob-

233 1880 341 1904 servo
370 1867 545 1915 primum,
573 1866 653 1901 fieri
681 1878 759 1901 non
790 1877 900 1912 posse
926 1872 967 1901 ut

232 1919 337 1967 χάλιξ
356 1919 530 1956 derivarit
550 1919 816 1966 grammaticus
841 1931 861 1954 a
880 1935 966 1965 καγ-

232 1976 421 2020 χαλᾶσθαι.
455 1973 581 2016 Quare
601 1977 664 2007 aut
685 1979 771 2019 post
790 1971 862 2007 hoc
883 1984 966 2007 ver-

233 2027 322 2063 bum
361 2025 500 2062 excidit
530 2026 610 2073 ejus
648 2025 763 2073 ipsius
802 2037 822 2060 a
852 2025 967 2060 verbo

232 2082 410 2126 χαλᾶσθαι
430 2079 622 2118 derivatio,
649 2083 724 2119 aut,
747 2079 848 2125 quod
875 2078 968 2113 mihi

235 2133 383 2180 quidem
403 2131 648 2168 verosimilius
663 2131 820 2172 videtur,
843 2131 970 2167 omnia

234 2199 314 2233 quae
344 2190 430 2233 post
457 2185 612 2221 verbum
640 2186 887 2231 καγχαλᾶσθαι
914 2184 967 2220 le-

233 2244 387 2287 guntur,
420 2238 516 2274 male
550 2238 623 2273 huc
655 2237 838 2273 translata
868 2243 967 2279 sunt,

234 2292 395 2339 ascripta
440 2291 612 2338 primitus
653 2291 778 2326 versui
823 2303 831 2326 ι
843 2302 877 2337 3.
920 2291 968 2326 ad

235 2357 343 2392 quem
365 2344 586 2380 Eustathius
616 2355 762 2391 quoque
791 2356 825 2390 p.
851 2343 965 2391 1936,

236 2408 298 2445 53.
321 2398 367 2433 de
386 2398 518 2433 iisdem
537 2397 661 2437 rebus
683 2403 720 2432 et
739 2396 875 2444 partim
904 2397 965 2432 iis-

235 2451 320 2486 dem
339 2451 463 2486 verbis
482 2450 573 2498 egit,
630 2450 715 2485 Jam
736 2450 854 2496 ipsam
871 2449 968 2485 hanc

234 2503 393 2539 formam
414 2502 517 2548 χάλιξ
536 2503 572 2538 in
589 2502 664 2538 vini
694 2503 968 2550 significatione

236 2569 257 2592 a
274 2555 551 2603 lexicographis
571 2556 709 2590 nostris
735 2555 968 2602 repudiatam

235 2609 392 2651 videbis,
413 2609 474 2655 qui
497 2607 645 2643 nonnisi
669 2607 714 2643 de
740 2608 865 2655 lapillo
886 2620 966 2643 eam

237 2666 459 2710 agnoscunt,
482 2661 527 2696 de
554 2661 641 2695 vino
663 2661 779 2695 solam
808 2660 967 2696 formam

237 2718 335 2761 χάλις
357 2714 610 2750 admittentes.
667 2712 871 2748 Monemus
896 2714 966 2749 ita-

239 2779 310 2815 que
346 2765 450 2813 χάλιξ
481 2767 551 2802 hac
585 2765 856 2813 significatione
893 2766 967 2813 legi

240 2820 350 2856 etiam
375 2820 473 2867 apud
493 2818 730 2855 Eustathium
756 2819 779 2854 l.
801 2831 848 2859 c.,
870 2819 968 2866 apud

241 2873 473 2920 Hesychium
497 2873 726 2919 (quanquam
747 2871 807 2906 hic
827 2872 864 2906 in
883 2871 964 2908 lite-

240 2937 366 2961 rarum
387 2925 480 2961 serie
495 2925 653 2961 formam
674 2928 772 2970 χάλις
787 2925 909 2971 posuit
930 2925 966 2960 in

1021 1708 1270 1754 explicatione
1290 1707 1392 1743 vocis
1411 1706 1610 1756 ἀκροχάλιξ)
1630 1714 1669 1744 et
1689 1709 1754 1745 ali-

1023 1761 1167 1807 quoties
1180 1761 1277 1808 apud
1294 1761 1549 1797 Philemonem
1564 1774 1755 1809 gramma-

1022 1813 1150 1854 ticum,
1162 1815 1294 1861 quibus
1305 1820 1472 1850 nostrum
1484 1815 1563 1861 jam
1573 1815 1753 1850 scholium

1023 1867 1179 1902 accedit.
1239 1867 1361 1915 Supra
1380 1872 1506 1903 tamen
1536 1868 1582 1903 ad
1609 1884 1641 1910 τ,
1664 1877 1754 1915 530.

1022 1919 1182 1955 formam
1203 1923 1301 1966 χάλις
1327 1921 1547 1956 servandam
1569 1921 1754 1957 duximus.

1023 1973 1167 2009 Deinde
1180 1985 1247 2020 pro
1262 1974 1324 2008 illo
1333 1975 1529 2019 χαλιβάζειν
1537 1974 1616 2020 Maj
1624 1986 1664 2008 us
1674 1986 1755 2009 cor-

1022 2026 1111 2073 rigit
1124 2029 1340 2072 χαλιμάζεινε
1363 2032 1475 2067 recte,
1491 2027 1624 2073 opinor
1639 2041 1646 2062 :
1668 2039 1756 2062 nam

1024 2080 1076 2114 Sic
1097 2079 1259 2115 suidas:
1292 2083 1503 2125 χαλιμάζειν,
1535 2081 1569 2115 τὲ
1598 2081 1666 2127 περὶ
1695 2082 1757 2121 τὰς

1023 2133 1191 2174 συνουσίας
1202 2134 1311 2180 ὁρμᾶν,
1327 2138 1363 2168 et
1374 2133 1497 2180 Etym.
1516 2133 1572 2168 M.
1587 2134 1638 2179 (v.
1653 2134 1754 2177 χαλί-

1021 2187 1136 2234 φρων),
1146 2186 1200 2220 καὶ
1214 2186 1249 2220 τὸ
1258 2187 1323 2232 περὶ
1336 2189 1396 2227 τὰς
1408 2188 1576 2227 συνουσίας
1587 2187 1756 2220 πείθεσθαι

1021 2241 1223 2284 χαλιμοίζειν
1235 2236 1344 2284 ἔλεγον
1361 2253 1368 2273 2
1397 2239 1495 2274 unde
1512 2244 1666 2287 apparet
1678 2237 1754 2273 for-

1024 2304 1122 2326 mam
1142 2294 1337 2336 χαλικάζειν
1363 2291 1512 2327 nonnisi
1541 2297 1755 2339 corruptam

1024 2357 1069 2380 ex
1090 2345 1152 2379 illa
1171 2356 1252 2380 esse
1276 2344 1312 2379 in
1333 2344 1390 2380 his
1412 2345 1600 2380 Eustathii
1619 2345 1756 2385 verbis,

1023 2398 1078 2432 καὶ
1093 2399 1289 2445 Ἐπίχαρμος
1309 2397 1343 2433 δέ
1360 2404 1447 2445 φασι
1462 2401 1654 2443 χαλικάζειν
1669 2398 1758 2444 λέγει

1023 2451 1059 2485 τὸ
1075 2451 1141 2497 περὶ
1156 2452 1324 2485 συνουσίαν
1340 2454 1394 2499 ὑφ’
1412 2451 1515 2494 ἦδονῆς
1530 2452 1680 2485 ἀνίεσθαι
1700 2451 1757 2485 καὶ

1023 2503 1212 2538 ὑποστένειν.
1252 2503 1296 2538 In
1317 2503 1491 2539 omnibus
1512 2509 1635 2539 autem
1656 2503 1757 2538 hisce

1024 2555 1356 2603 grammaticorum
1375 2556 1466 2592 locis
1486 2557 1604 2592 nostri
1627 2556 1756 2592 scholii

1023 2608 1138 2644 verba
1169 2609 1311 2644 variata
1343 2615 1488 2645 tantum
1524 2610 1758 2656 aliquatenus

1024 2673 1220 2709 agnosces,
1240 2674 1361 2709 neque
1383 2663 1571 2698 dubitabis
1588 2663 1667 2709 jam
1687 2674 1755 2708 pro

1023 2715 1095 2761 περί
1120 2726 1300 2761 reponere
1327 2718 1415 2762 παρά
1444 2721 1481 2751 et
1507 2728 1574 2762 pro
1598 2715 1757 2750 barbaro

1025 2768 1260 2808 σπαθένεσθοιι,
1292 2768 1446 2804 verbum
1485 2767 1755 2803 recentioribus

1026 2818 1167 2855 Graecis
1193 2820 1383 2862 familiare,
1404 2822 1634 2862 παθαίνεσθαι,
1656 2818 1756 2865 quod

1023 2871 1115 2908 latet
1143 2872 1254 2909 etiam
1288 2874 1325 2908 in
1351 2874 1414 2909 illo
1443 2871 1657 2920 Etymologi
1685 2871 1755 2906 πεί-

1025 2926 1151 2960 θεσθαι.
1183 2926 1382 2962 BUTTM.

1772 1110 1819 1133 10
