1956 3239
732 110 1148 151 APPENDIX.
1618 110 1701 153 779

240 223 336 275 436,
353 234 421 276 30.
448 222 562 264 αὐτὸς
584 220 805 261 Prellex'US.
846 221 868 271 ἦ
891 221 1005 262 αὐτὸς
1026 220 1073 260 Τ.

239 301 337 343 437,
361 291 423 329 16.
446 289 675 342 ταλαεργοὶ]
700 289 906 340 ταναεργοὶ
931 288 1035 328 Maii
1057 288 1200 328 editio.

241 355 340 407 438,
360 366 425 408 25.
447 353 661 407 τανύποὸα]
687 354 737 393 In
761 354 817 392 H.
842 354 1083 394 τετανύποδα
1105 369 1194 394 esse
1216 354 1381 395 dicitur.

240 421 422 474 νεύοντα]
452 422 635 463 νεύοντας
657 420 706 472 Ω.

239 501 336 542 439,
357 500 393 527 2.
416 488 485 528 οὐκ
506 489 617 529 εἵωνε
651 489 737 528 ἀντὶ
758 492 825 528 τοῦ
847 489 910 542 οὐ]
939 489 1007 529 οὐκ
1030 491 1143 530 εἵων;
1176 490 1261 530 ἀντὶ
1282 491 1350 529 τοῦ
1371 488 1437 528 οὐκ
1459 491 1561 535 εἴων,
1586 489 1629 529 οὐ
1652 488 1701 540 Ω.

183 554 369 595 ἀνένευον
390 556 432 594 δὲ
453 555 539 595 ἀντὶ
559 558 627 595 τοῦ
647 556 691 595 οὐ
714 555 763 595 Ρ.

238 633 335 675 439,
356 632 393 672 7.
417 620 657 673 ἐξακούεται]
685 623 911 673 ἐξακούηται
933 622 982 661 Ρ.

238 701 336 739 440,
360 697 421 742 15.
445 687 687 740 ἀπέκτεινον]
715 688 950 729 ἀπέκταινον
974 689 1078 729 Maii
1101 689 1243 730 editio.

238 768 334 805 440,
352 767 421 808 30.
445 754 716 808 ὠλιγώρησεν]
745 755 989 807 ὠλιγόρησεν
1012 755 1059 795 Τ.

238 835 337 872 440,
354 834 423 875 31.
451 820 518 876 ὡς]
543 821 583 864 ὃς
605 822 652 862 Τ.

238 900 336 940 442>
352 890 391 928 6.
415 889 560 941 ἄγραν]
589 891 713 940 ἄγρην
735 889 784 941 Q·

238 967 336 1008 445,
358 957 421 995 26.
447 955 511 1009 ὡς]
535 957 636 996 ὥστε
660 956 708 996 Τ.

239 1023 337 1072 446,
351 1034 392 1074 3.
415 1022 629 1072 κυμάτεσσι
647 1021 799 1077 Δᾶλος]
825 1022 1038 1074 κυμάτεσσι
1060 1022 1090 1063 δ’
1109 1025 1206 1066 ἁλὸς
1226 1024 1274 1063 Τ.
1294 1022 1384 1063 1000
1401 1023 1536 1064 altero
1553 1038 1592 1078 p.
1615 1034 1706 1076 172.

181 1087 298 1128 Nam
328 1088 485 1129 scholia
505 1103 699 1129 versuum
726 1101 876 1130 1—20.
900 1090 963 1130 bis
994 1089 1191 1145 leguntur
1221 1090 1263 1129 in
1285 1090 1333 1131 T.
1365 1105 1405 1144 p.
1426 1091 1518 1144 138,
1538 1104 1630 1145 139.
1662 1095 1706 1131 et

182 1170 222 1209 p.
244 1167 336 1208 172.
356 1169 369 1194 1
382 1167 402 1209 7
409 1169 448 1211 3.

238 1224 390 1275 446,5.
412 1224 619 1276 πρότερον]
647 1227 800 1275 πρῶτον
823 1224 871 1275 Ω.

242 1289 348 1330 Post
380 1290 544 1330 ἐπέπλει
574 1291 621 1330 Τ.
652 1290 804 1345 pergit,
837 1292 881 1347 τῇ
913 1293 1170 1346 πλωτῇε-οἱ
1204 1292 1278 1342 μὲν
1307 1294 1474 1342 μυθικῶς
1506 1291 1708 1332 ἀπέδοσαν

182 1361 274 1407 etc„
309 1356 446 1397 verbis
482 1357 1002 1413 θαλάσσῃ-περιρρεομένῃ
1035 1357 1196 1398 omissis
1228 1357 1316 1397 sine
1347 1357 1506 1398 lacunae
1539 1357 1705 1399 indicio.

182 1425 328 1466 Altero
368 1425 458 1465 1000
492 1427 548 1479 (p.
576 1428 685 1478 172.)
724 1430 790 1466 est
831 1425 990 1466 ἐπέπλει
1026 1426 1086 1481 τῇ.
1124 1426 1192 1465 οὐκ
1226 1424 1275 1465 ἂν
1311 1426 1352 1465 δὲ
1387 1425 1498 1476 εὗρεν
1538 1425 1655 1475 αὐτὴν
1687 1427 1708 1464 ὁ

182 1493 384 1535 ὀδυσσεύς.
417 1491 440 1543 ἢ
461 1493 738 1548 περιρρεομένῃ
755 1509 822 1534 :—

238 1561 336 1611 446,
356 1571 423 1614 25.
455 1563 522 1599 τοῦ
545 1560 875 1614 οἴκου-ἔτικτεν]
909 1559 977 1600 Sic
1007 1559 1097 1600 haec
1119 1559 1161 1599 in
1184 1559 1374 1599 ordinem
1402 1558 1566 1613 redegit
1589 1558 1708 1599 Prel-

182 1628 306 1669 leruS.
355 1627 405 1667 In
426 1628 472 1668 T.
495 1632 562 1668 τοῦ
584 1629 688 1668 οἴκου
709 1627 874 1678 λαέρτου
895 1629 1133 1680 ἀρκεσίλαος
1149 1627 1333 1668 :-Loco
1349 1626 1484 1667 altero
1509 1631 1568 1682 (p.
1590 1628 1705 1680 172.)

183 1695 230 1736 T.
252 1698 319 1735 τοῦ
339 1697 456 1735 οἴκου.
488 1696 610 1745 μόνον
631 1694 797 1747 λαέρτην
819 1696 1030 1747 ἆρκεσίλας
1046 1710 1054 1733 :
1071 1718 1124 1723 —

240 1775 340 1814 447,
363 1776 401 1816 9.
425 1762 533 1815 δίχα]
563 1763 644 1801 δίου
666 1761 716 1812 Ω.

238 1840 337 1881 447,
358 1841 422 1870 12.
443 1827 773 1882 ’τῷ-ἐπιτερπεῖ]
796 1828 1083 1878 ’τὸ-ἐπιτερπῆ
1106 1827 1209 1878 Β.Ω.

239 1906 338 1948 447,
359 1908 420 1948 15.
460 1896 745 1948 Θεσσαλικοῖς]
789 1894 961 1934 Falsum
996 1900 1061 1935 est
1097 1895 1208 1948 quod
1250 1894 1459 1934 Prellerus
1500 1893 1630 1934 refert
1659 1894 1706 1935 Τ.

182 1963 320 2018 priore
351 1963 441 2002 loco
465 1964 524 2016 (p.
546 1963 659 2016 138.)
693 1962 849 2002 habere
878 1961 1096 2012 Ἰταλικοῖς,
1127 1962 1261 2002 altero
1293 1962 1351 2016 (p.
1373 1961 1487 2016 172.)
1515 1965 1708 2002 Θετταλι-

185 2034 275 2073 κοῖς.
335 2029 451 2070 Nam
469 2029 516 2069 T.
541 2028 766 2083 utrobique
788 2030 968 2081 ἀρχίνους
994 2029 1089 2083 (sic)
1112 2032 1380 2070 θεσσαλικοῖς.

240 2098 337 2148 448,
360 2098 423 2137 16.
460 2096 844 2148 ὠνοματοπεποίηται
880 2096 927 2135 Τ.
964 2095 1054 2136 loco
1087 2095 1222 2136 altero
1254 2110 1293 2148 p.
1317 2106 1435 2147 172.:
1470 2096 1709 2146 ὀνοματοπε-

185 2165 339 2215 ποίηται
360 2178 400 2217 p.
423 2177 516 2218 139.

240 2235 308 2272 τοῦ
329 2231 428 2284 ἤχου
448 2234 516 2271 τοῦ
538 2229 770 2284 γενομένου]
794 2233 860 2269 τοῦ
881 2229 1098 2282 γενομένου
1118 2230 1216 2282 ἤχου
1238 2229 1284 2269 T.
1310 2244 1351 2283 p.
1375 2239 1467 2281 172.

240 2299 338 2350 448,
362 2299 424 2338 18.
460 2300 521 2337 διὰ
541 2299 580 2337 τί
598 2297 646 2337 Τ.
668 2312 709 2352 p.
732 2310 823 2351 129.
856 2298 918 2336 διὰ
942 2297 981 2336 τί
1006 2298 1046 2336 δὲ
1068 2296 1114 2336 Τ.
1147 2311 1187 2350 p.
1207 2307 1299 2349 172.
1332 2295 1404 2334 ubi
1436 2295 1524 2334 haec
1555 2308 1710 2348 praeee-

184 2365 300 2405 denti
331 2364 487 2404 scholio
508 2364 722 2418 adjuncta,
747 2364 857 2417 quod
879 2378 963 2403 non
984 2363 1144 2404 factum
1170 2378 1210 2417 p.
1236 2377 1325 2417 139.
1349 2362 1421 2402 ubi
1443 2366 1539 2416 post
1561 2362 1709 2402 θάλασ-

186 2449 262 2472 σαν
282 2431 377 2471 finis
398 2431 543 2471 scholii
563 2431 775 2471 indicatur
796 2431 958 2471 duobus
981 2430 1147 2484 punctis
1169 2444 1263 2469 eum
1284 2429 1460 2469 lineola:
1481 2453 1536 2459 ——-

241 2499 340 2548 448,
362 2511 420 2550 19.
444 2498 573 2551 πνεῖν]
597 2499 787 2548 πνεύματι
807 2498 855 2537 Τ.
878 2512 919 2551 p.
939 2510 1031 2551 139.

242 2566 339 2616 448,
360 2576 426 2616 25.
458 2564 527 2603 τὸν
557 2565 707 2603 Αἴολον
737 2564 961 2603 Prellerus.
1000 2567 1077 2604 τῶν
1107 2566 1254 2604 αἰόλων
1286 2563 1334 2604 Τ.
1400 2564 1518 2603 Idem
1551 2578 1591 2616 p.
1614 2576 1706 2616 139.

184 2635 281 2686 post
311 2629 541 2680 πνευμάτων
570 2629 731 2684 aliquot
761 2630 978 2670 literarum
1009 2630 1191 2684 spatium
1221 2645 1400 2671 vacuum
1430 2631 1572 2671 habet.
1597 2629 1709 2684 quod

185 2698 343 2738 nullum
365 2701 429 2737 est
449 2711 490 2750 p.
514 2708 559 2746 17
566 2708 606 2749 3.

242 2766 340 2816 448,
375 2775 442 2817 27.
477 2762 838 2818 Ἰθάκην-ἐνίοτε]
880 2763 1039 2814 ἶθάκην;
1086 2763 1272 2804 πνέουσιν
1307 2763 1431 2803 ἐνίοτε
1468 2762 1514 2802 T.
1549 2776 1588 2814 p.
1616 2773 1709 2814 139.

186 2832 322 2872 verbis
342 2831 490 2871 mediis
511 2829 686 2878 omissis,
709 2843 803 2883 quae
826 2830 956 2870 habet
976 2830 1066 2871 1000
1088 2830 1221 2871 altero
1243 2845 1281 2883 p.
1304 2840 1394 2881 173.

243 2911 342 2952 449,
363 2910 398 2940 2.
420 2896 620 2938 Ὀδυσσέα
641 2911 720 2936 om.
745 2897 792 2937 T.
815 2911 854 2949 p.
884 2909 966 2951 139.
