1956 3239
742 127 1165 170 APPENDIX.
1633 127 1711 170 761

253 242 347 293 248,
365 256 405 292 4.
438 239 613 281 Brevius
636 239 691 279 T.
715 239 868 290 εὕρηται
900 238 962 278 καὶ
983 240 1004 278 ὁ
1030 240 1211 291 αἴγειρος,
1236 238 1472 291 κυπάρισσος
1504 240 1624 290 μόνον
1652 240 1715 288 θη-

193 313 317 351 λυκῶς
332 324 340 349 :
357 332 413 338 —

253 378 349 429 248,
377 389 438 428 19.
461 376 502 415 δὲ
527 376 695 415 ἐνταῦθα
715 373 759 413 τὸ
782 374 906 424 ὄνομα
927 387 1005 413 om.
1032 373 1080 425 Q.

254 443 348 493 248,
370 454 433 493 24.
458 440 690 493 ἆνθοῦντας]
719 441 906 483 ἀνθιστὰς
928 441 984 480 Τ.

254 522 348 562 249,
370 521 409 549 2.
433 506 700 561 συναλοιφὴν]
724 508 952 560 συναλιφὴν
974 507 1032 547 Η.

254 590 350 631 249,
367 578 406 618 6.
430 574 764 630 διώκεται-ἇπὸ]
790 576 1104 617 διώκετον-ὑπὸ
1128 576 1178 616 Ε.

254 656 355 699 249,
378 658 415 698 9.
438 646 565 695 φῆσαι
585 643 718 684 tacite
740 643 901 684 correxi
923 658 999 698 pro
1021 644 1154 696 φῆναι.

254 724 352 766 249,
376 725 438 752 10.
457 709 527 766 Β]
553 710 725 766 Con-ige
749 710 797 751 E.

255 790 349 831 249,
378 789 439 830 17.
478 778 574 818 ὅταν
609 776 727 832 λέγῃ]
774 779 840 820 ὅτε
881 777 994 831 λέγει
1030 778 1317 820 Buttmannus
1353 779 1499 829 tacite,
1541 778 1721 820 fortasse

194 859 247 885 ex
269 844 317 884 P.

255 926 352 968 250,
375 927 409 953 1.
444 912 759 966 ἐπιφθέγξασθαι
792 914 930 968 ἑαυτῷ]
968 913 1063 954 Hoc
1085 919 1150 955 est
1172 914 1283 968 quod
1313 913 1511 955 Eustath.
1534 928 1575 968 p.
1598 925 1719 968 1524,

196 993 266 1036 54.
289 980 396 1022 dixit
417 984 720 1033 περιαυτολογεῖ
738 982 758 1020 ὁ
780 980 950 1031 ποιητής.

252 1048 504 1100 ἀναπλάσας]
532 1048 758 1088 ἀναπλάσαι
781 1048 831 1100 Q.

256 1128 353 1171 250,
373 1130 408 1158 2.
434 1118 604 1168 κρατεῖν]
631 1119 780 1167 κρατῶν
801 1117 855 1156 T.

255 1184 484 1239 ἐμφάσεως]
512 1187 580 1236 τῆς
602 1184 812 1237 ἐμφάσεως
834 1186 889 1225 Τ.

256 1261 350 1305 250,
373 1264 414 1305 3.
439 1252 741 1305 ἐπεξεργασίας]
768 1253 952 1304 ἐργασίας
974 1252 1030 1292 Τ.

256 1331 350 1372 250,
375 1328 414 1370 7.
436 1318 523 1370 περὶ
544 1317 626 1372 τοῦ]
648 1320 717 1358 τοῦ
736 1322 812 1359 aut
832 1318 1054 1360 delendum
1075 1323 1151 1360 aut
1171 1318 1214 1359 in
1236 1320 1371 1361 τούτου
1393 1319 1657 1361 mutandum.

256 1397 350 1440 250,
374 1388 436 1428 16.
460 1385 504 1426 τὸ
527 1387 569 1426 δὲ
591 1399 671 1426 om.
698 1386 753 1426 T.

256 1465 351 1507 251,
372 1466 413 1507 5.
437 1452 482 1493 οὐ
505 1453 627 1506 θαμὰ]
654 1452 699 1493 οὐ
721 1453 891 1504 θαμίζεις
914 1455 968 1494 Τ.

256 1532 354 1574 251,
373 1523 413 1561 6.
436 1538 484 1573 γε
504 1520 667 1561 correxi
688 1535 765 1575 pro
787 1537 842 1561 τε.

254 1586 433 1643 θάμιζεν]
458 1589 593 1639 θαμίζη
618 1589 688 1637 Τ.,
709 1587 873 1628 omissis
895 1588 1317 1640 ἐπειδὴ-Καλυψοῦς.

257 1666 354 1707 251,
381 1664 417 1706 7.
442 1653 565 1694 Adde
586 1668 639 1694 ex
656 1653 704 1694 T.
728 1653 783 1694 ad
804 1669 840 1694 v.
861 1654 926 1708 89.
961 1653 1120 1695 τελέσαι
1142 1654 1186 1695 δέ
1205 1671 1253 1705 με
1276 1654 1393 1706 θυμὸς
1413 1654 1590 1705 ἄνωγενῑ
1625 1657 1724 1703 πλη-

196 1722 322 1770 ρῶσαι
344 1718 387 1758 δέ
406 1735 455 1769 με
476 1719 498 1769 ἡ
519 1719 631 1772 ψυχὴ
651 1718 938 1771 παρεκέλευσεῑ
959 1744 1015 1751 —

258 1796 355 1839 251,
377 1799 438 1825 10.
461 1784 500 1839 ἢ]
527 1786 588 1826 καὶ
611 1787 645 1826 εἰ
668 1786 721 1826 Τ.

259 1864 353 1906 251,
377 1865 439 1905 15.
463 1852 572 1906 αὐτὸ]
602 1852 702 1892 αὐτῶ
723 1853 772 1892 T.

258 1931 353 1974 251,
378 1922 439 1960 16.
462 1919 505 1959 τὸ
527 1921 642 1971 ὕδωρ]
668 1919 711 1960 τὸ
734 1934 815 1961 0111.
835 1921 892 1960 Τ.

257 2000 353 2042 251,
374 1999 440 2029 22.
462 1988 603 2042 μηδὲν]
629 1988 743 2029 οὐδὲν
764 1988 925 2040 B.E.Q.

258 2067 354 2109 251,
375 2067 441 2110 23.
463 2058 595 2108 ψιλῶς
615 2069 698 2095 om.
722 2055 880 2107 BEQ.

259 2134 354 2177 252,
376 2136 416 2174 4.
438 2123 461 2174 ἡ
483 2124 586 2164 αἰτία
607 2137 687 2164 0111,
711 2122 761 2175 Q.

258 2204 279 2231 2
283 2201 354 2246 52,
375 2205 390 2231 1
404 2205 438 2233 Ι.
461 2193 525 2232 ἵνα
546 2191 840 2245 μεταλήψηται]
869 2192 1070 2233 Fortasse
1090 2192 1363 2245 μεταλήψεται
1384 2192 1565 2248 scripsit.
1615 2192 1724 2245 Quo-

199 2274 295 2300 cum
315 2264 505 2314 tempore
526 2259 764 2300 scholiastae
785 2274 896 2314 saepe
918 2260 1228 2314 conjunxerunt
1249 2261 1324 2301 ἵνα.

259 2337 354 2381 252,
377 2329 441 2367 16.
469 2336 532 2378 17.
553 2327 828 2381 παρεξελθεῖν]
851 2329 973 2379 παρὲξ
996 2329 1127 2368 ἐλθεῖν
1150 2327 1202 2379 Q.

259 2406 356 2447 252,
376 2406 441 2435 21.
466 2395 503 2434 οἱ
523 2407 604 2434 om.
628 2393 677 2445 Q.

259 2469 355 2513 252,
376 2460 436 2499 18.
471 2462 653 2501 ἁλιῶσαι·
685 2460 728 2514 ἢ]
767 2463 957 2502 ἁλιῶσαιε
992 2463 1183 2502 ἁλιῶσαι;
1217 2460 1313 2512 ἢΡ.
1343 2461 1570 2503 secundum
1601 2461 1726 2503 Butt-

199 2540 413 2567 mannum.
467 2527 562 2567 Non
583 2527 783 2582 intelligo.

262 2604 357 2646 253,
383 2605 418 2634 2.
442 2593 774 2648 τὸν-ταπεινὸν]
800 2598 1129 2636 τῶν-ταπεινῶν
1151 2597 1205 2636 Τ.

259 2658 317 2699 διὸ
339 2659 411 2713 οὐχ
431 2660 549 2711 ἥρωα,
573 2660 640 2700 οὐκ
662 2674 743 2700 om.
767 2662 821 2700 T.
843 2659 886 2700 in
907 2661 1070 2702 lacuna.

260 2738 356 2781 254,
378 2741 441 2767 10.
465 2730 578 2768 θεῶν.
602 2727 717 2779 ἄμφω
734 2727 828 2780 γὰρ]
857 2730 957 2768 θεῶν
976 2743 984 2767 :
1001 2753 1058 2758 —
1161 2731 1236 2781 γὰρ
1254 2729 1309 2770 Τ.
1324 2743 1419 2769 cum
1440 2728 1577 2783 spatio
1595 2741 1724 2769 vacuo

200 2797 301 2834 ante
321 2793 408 2846 γάρ.

258 2859 328 2901 τὸν
350 2859 448 2916 Δία]
471 2861 539 2902 τὸν
559 2875 640 2902 om.
667 2861 721 2900 T.

260 2928 662 2980 κεραυνοβολήσαντα
683 2927 829 2982 scripsi
860 2943 937 2983 pro
959 2929 1348 2981 κεραυνοβλήσαντα,
1372 2929 1482 2983 quod
1504 2933 1568 2969 est
1595 2927 1638 2968 in
1669 2928 1721 2968 Η.
