<?xml version="1.0" encoding="UTF-8"?>
<!DOCTYPE html PUBLIC "-//W3C//DTD XHTML 1.0 Transitional//EN"
    "http://www.w3.org/TR/xhtml1/DTD/xhtml1-transitional.dtd">
<html xmlns="http://www.w3.org/1999/xhtml" xml:lang="en" lang="en">
 <head>
  <title>
</title>
<meta http-equiv="Content-Type" content="text/html;charset=utf-8" />
  <meta name='ocr-system' content='tesseract 3.04.00' />
  <meta name='ocr-capabilities' content='ocr_page ocr_carea ocr_par ocr_line ocrx_word'/>
</head>
<body>
  <div class='ocr_page' id='page_1' title='image "./scholiagraeodyss02homeuoft_0388.png"; bbox 0 0 1956 3239; ppageno 0'>
   <div class='ocr_carea' id='block_1_1' title="bbox 268 84 1238 128">
    <p class='ocr_par' dir='ltr' id='par_1_1' title="bbox 268 84 1238 128">
     <span class='ocr_line' id='line_1_1' title="bbox 268 84 1238 128; baseline -0.002 0"><span class='ocrx_word' id='word_1_1' title='bbox 268 87 352 128; x_wconf 77' lang='lat'>784</span> <span class='ocrx_word' id='word_1_2' title='bbox 818 84 1238 127; x_wconf 88' lang='lat' dir='ltr'><strong>APPENDIX.</strong></span> 
     </span>
    </p>
   </div>
   <div class='ocr_carea' id='block_1_2' title="bbox 252 197 1791 2869">
    <p class='ocr_par' dir='ltr' id='par_1_2' title="bbox 323 197 1291 252">
     <span class='ocr_line' id='line_1_2' title="bbox 323 197 1291 252; baseline -0.002 -14"><span class='ocrx_word' id='word_1_3' title='bbox 323 210 419 252; x_wconf 77' lang='grc'>493,</span> <span class='ocrx_word' id='word_1_4' title='bbox 442 211 482 251; x_wconf 83' lang='lat'>3.</span> <span class='ocrx_word' id='word_1_5' title='bbox 504 197 860 252; x_wconf 86' lang='grc' dir='ltr'>λέγεται-δηλοῖ]</span> <span class='ocrx_word' id='word_1_6' title='bbox 885 198 1215 249; x_wconf 79' lang='grc' dir='ltr'>δηλοῖ-λέγεται</span> <span class='ocrx_word' id='word_1_7' title='bbox 1237 197 1291 236; x_wconf 92' lang='grc' dir='ltr'>Τ.</span> 
     </span>
    </p>

    <p class='ocr_par' dir='ltr' id='par_1_3' title="bbox 323 264 1197 317">
     <span class='ocr_line' id='line_1_3' title="bbox 323 264 1197 317; baseline 0 -13"><span class='ocrx_word' id='word_1_8' title='bbox 323 277 421 317; x_wconf 80' lang='lat'>493,</span> <span class='ocrx_word' id='word_1_9' title='bbox 441 264 541 304; x_wconf 87' lang='grc'><strong>6-8.</strong></span> <span class='ocrx_word' id='word_1_10' title='bbox 566 265 628 304; x_wconf 86' lang='grc' dir='ltr'>καὶ</span> <span class='ocrx_word' id='word_1_11' title='bbox 647 264 897 315; x_wconf 79' lang='grc' dir='ltr'>μὴν-τοῦτό</span> <span class='ocrx_word' id='word_1_12' title='bbox 918 270 1016 316; x_wconf 88' lang='grc' dir='ltr'>φησι</span> <span class='ocrx_word' id='word_1_13' title='bbox 1036 279 1117 304; x_wconf 85' lang='grc'>0111.</span> <span class='ocrx_word' id='word_1_14' title='bbox 1143 266 1197 304; x_wconf 92' lang='lat' dir='ltr'>T.</span> 
     </span>
    </p>

    <p class='ocr_par' dir='ltr' id='par_1_4' title="bbox 322 330 1470 386">
     <span class='ocr_line' id='line_1_4' title="bbox 322 330 1470 386; baseline -0.001 -15"><span class='ocrx_word' id='word_1_15' title='bbox 322 344 419 386; x_wconf 89' lang='grc'>493,</span> <span class='ocrx_word' id='word_1_16' title='bbox 445 331 483 371; x_wconf 90' lang='lat'>8.</span> <span class='ocrx_word' id='word_1_17' title='bbox 507 332 549 371; x_wconf 82' lang='grc' dir='ltr'>δὲ</span> <span class='ocrx_word' id='word_1_18' title='bbox 570 345 650 371; x_wconf 91' lang='lat' dir='ltr'><strong>om.</strong></span> <span class='ocrx_word' id='word_1_19' title='bbox 676 332 729 371; x_wconf 90' lang='lat' dir='ltr'>T.</span> <span class='ocrx_word' id='word_1_20' title='bbox 988 344 1086 384; x_wconf 91' lang='grc'>493,</span> <span class='ocrx_word' id='word_1_21' title='bbox 1110 344 1148 384; x_wconf 90' lang='lat'>9.</span> <span class='ocrx_word' id='word_1_22' title='bbox 1171 330 1281 385; x_wconf 84' lang='grc' dir='ltr'>ἄνευ]</span> <span class='ocrx_word' id='word_1_23' title='bbox 1304 332 1395 383; x_wconf 84' lang='grc' dir='ltr'>δίχα</span> <span class='ocrx_word' id='word_1_24' title='bbox 1417 331 1470 370; x_wconf 93' lang='grc' dir='ltr'>Τ.</span> 
     </span>
    </p>

    <p class='ocr_par' dir='ltr' id='par_1_5' title="bbox 321 398 1198 453">
     <span class='ocr_line' id='line_1_5' title="bbox 321 398 1198 453; baseline 0.001 -15"><span class='ocrx_word' id='word_1_25' title='bbox 321 412 421 453; x_wconf 82' lang='grc'>493,</span> <span class='ocrx_word' id='word_1_26' title='bbox 442 412 505 439; x_wconf 94' lang='lat'>11.</span> <span class='ocrx_word' id='word_1_27' title='bbox 528 398 835 453; x_wconf 88' lang='grc' dir='ltr'>ἐμβαλλόντων]</span> <span class='ocrx_word' id='word_1_28' title='bbox 861 400 1120 449; x_wconf 80' lang='grc' dir='ltr'>ἐμβαλόντων</span> <span class='ocrx_word' id='word_1_29' title='bbox 1143 399 1198 439; x_wconf 91' lang='grc' dir='ltr'>Τ.</span> 
     </span>
    </p>

    <p class='ocr_par' dir='ltr' id='par_1_6' title="bbox 321 465 971 521">
     <span class='ocr_line' id='line_1_6' title="bbox 321 465 971 521; baseline -0.002 -14"><span class='ocrx_word' id='word_1_30' title='bbox 321 479 419 521; x_wconf 87' lang='grc'>493,</span> <span class='ocrx_word' id='word_1_31' title='bbox 442 479 505 507; x_wconf 84' lang='lat'>12.</span> <span class='ocrx_word' id='word_1_32' title='bbox 528 467 565 507; x_wconf 85' lang='grc' dir='ltr'>ἀ.</span> <span class='ocrx_word' id='word_1_33' title='bbox 587 465 708 520; x_wconf 82' lang='grc' dir='ltr'>ὕδωρ]</span> <span class='ocrx_word' id='word_1_34' title='bbox 732 468 831 518; x_wconf 81' lang='grc' dir='ltr'>ὕδωρ</span> <span class='ocrx_word' id='word_1_35' title='bbox 855 467 893 506; x_wconf 84' lang='grc' dir='ltr'>ἆ.</span> <span class='ocrx_word' id='word_1_36' title='bbox 918 467 971 506; x_wconf 93' lang='lat' dir='ltr'>T.</span> 
     </span>
    </p>

    <p class='ocr_par' dir='ltr' id='par_1_7' title="bbox 322 534 790 586">
     <span class='ocr_line' id='line_1_7' title="bbox 322 534 790 586; baseline 0 -13"><span class='ocrx_word' id='word_1_37' title='bbox 322 534 610 586; x_wconf 73' lang='grc' dir='ltr'>ὥστε-φησίν</span> <span class='ocrx_word' id='word_1_38' title='bbox 631 548 711 574; x_wconf 86' lang='grc'>0111.</span> <span class='ocrx_word' id='word_1_39' title='bbox 735 535 790 574; x_wconf 87' lang='lat' dir='ltr'>T.</span> 
     </span>
    </p>

    <p class='ocr_par' dir='ltr' id='par_1_8' title="bbox 320 601 926 654">
     <span class='ocr_line' id='line_1_8' title="bbox 320 601 926 654; baseline 0 -14"><span class='ocrx_word' id='word_1_40' title='bbox 320 614 420 654; x_wconf 89' lang='grc'>493,</span> <span class='ocrx_word' id='word_1_41' title='bbox 441 614 506 654; x_wconf 81' lang='grc'>13.</span> <span class='ocrx_word' id='word_1_42' title='bbox 532 601 593 641; x_wconf 84' lang='grc' dir='ltr'>καὶ</span> <span class='ocrx_word' id='word_1_43' title='bbox 615 605 658 641; x_wconf 72' lang='lat' dir='ltr'>et</span> <span class='ocrx_word' id='word_1_44' title='bbox 679 605 747 640; x_wconf 79' lang='grc' dir='ltr'>τοῦ</span> <span class='ocrx_word' id='word_1_45' title='bbox 769 615 849 641; x_wconf 87' lang='lat' dir='ltr'><strong>om.</strong></span> <span class='ocrx_word' id='word_1_46' title='bbox 874 602 926 641; x_wconf 91' lang='lat' dir='ltr'>T.</span> 
     </span>
    </p>

    <p class='ocr_par' dir='ltr' id='par_1_9' title="bbox 320 666 879 721">
     <span class='ocr_line' id='line_1_9' title="bbox 320 666 879 721; baseline 0 -15"><span class='ocrx_word' id='word_1_47' title='bbox 320 677 417 721; x_wconf 83' lang='lat'>495,</span> <span class='ocrx_word' id='word_1_48' title='bbox 440 679 505 719; x_wconf 88' lang='lat'>17.</span> <span class='ocrx_word' id='word_1_49' title='bbox 532 667 700 718; x_wconf 84' lang='grc' dir='ltr'>Μεγάρα</span> <span class='ocrx_word' id='word_1_50' title='bbox 722 682 801 708; x_wconf 92' lang='lat' dir='ltr'><strong>om.</strong></span> <span class='ocrx_word' id='word_1_51' title='bbox 826 666 879 706; x_wconf 81' lang='lat' dir='ltr'>V.</span> 
     </span>
    </p>

    <p class='ocr_par' dir='ltr' id='par_1_10' title="bbox 319 733 1595 789">
     <span class='ocr_line' id='line_1_10' title="bbox 319 733 1595 789; baseline -0.001 -15"><span class='ocrx_word' id='word_1_52' title='bbox 319 748 418 789; x_wconf 85' lang='lat'>495,</span> <span class='ocrx_word' id='word_1_53' title='bbox 441 736 506 774; x_wconf 85' lang='lat'>18.</span> <span class='ocrx_word' id='word_1_54' title='bbox 530 735 591 774; x_wconf 83' lang='grc' dir='ltr'>καὶ</span> <span class='ocrx_word' id='word_1_55' title='bbox 615 736 844 784; x_wconf 83' lang='grc' dir='ltr'>Δηικόωντα</span> <span class='ocrx_word' id='word_1_56' title='bbox 863 733 1007 775; x_wconf 81' lang='lat' dir='ltr'>addidi</span> <span class='ocrx_word' id='word_1_57' title='bbox 1027 749 1080 775; x_wconf 80' lang='lat' dir='ltr'>ex</span> <span class='ocrx_word' id='word_1_58' title='bbox 1103 735 1171 784; x_wconf 90' lang='lat' dir='ltr'>T.,</span> <span class='ocrx_word' id='word_1_59' title='bbox 1195 734 1266 789; x_wconf 90' lang='lat' dir='ltr'>qui</span> <span class='ocrx_word' id='word_1_60' title='bbox 1289 735 1352 775; x_wconf 83' lang='grc' dir='ltr'>καὶ</span> <span class='ocrx_word' id='word_1_61' title='bbox 1373 737 1595 785; x_wconf 86' lang='grc' dir='ltr'>δηϊοκῶντα.</span> 
     </span>
    </p>

    <p class='ocr_par' dir='ltr' id='par_1_11' title="bbox 318 800 958 855">
     <span class='ocr_line' id='line_1_11' title="bbox 318 800 958 855; baseline 0.005 -16"><span class='ocrx_word' id='word_1_62' title='bbox 318 815 418 855; x_wconf 88' lang='grc'>495,</span> <span class='ocrx_word' id='word_1_63' title='bbox 438 814 502 852; x_wconf 77' lang='lat'>24.</span> <span class='ocrx_word' id='word_1_64' title='bbox 525 800 690 854; x_wconf 77' lang='grc' dir='ltr'>Ἀθηνᾶ]</span> <span class='ocrx_word' id='word_1_65' title='bbox 716 803 738 853; x_wconf 85' lang='grc' dir='ltr'>ἡ</span> <span class='ocrx_word' id='word_1_66' title='bbox 761 803 883 852; x_wconf 81' lang='grc' dir='ltr'>ἆθηνᾶ</span> <span class='ocrx_word' id='word_1_67' title='bbox 904 803 958 842; x_wconf 94' lang='grc' dir='ltr'>Τ.</span> 
     </span>
    </p>

    <p class='ocr_par' dir='ltr' id='par_1_12' title="bbox 318 869 923 922">
     <span class='ocr_line' id='line_1_12' title="bbox 318 869 923 922; baseline 0.003 -15"><span class='ocrx_word' id='word_1_68' title='bbox 318 878 419 922; x_wconf 91' lang='grc'>495,</span> <span class='ocrx_word' id='word_1_69' title='bbox 439 869 503 908; x_wconf 78' lang='lat'>28.</span> <span class='ocrx_word' id='word_1_70' title='bbox 527 870 546 908; x_wconf 89' lang='grc' dir='ltr'>ὁ</span> <span class='ocrx_word' id='word_1_71' title='bbox 567 873 664 921; x_wconf 76' lang='lat' dir='ltr'><strong>post.</strong></span> <span class='ocrx_word' id='word_1_72' title='bbox 686 870 745 909; x_wconf 86' lang='grc' dir='ltr'>ὅτι</span> <span class='ocrx_word' id='word_1_73' title='bbox 767 883 846 909; x_wconf 90' lang='lat' dir='ltr'><strong>om.</strong></span> <span class='ocrx_word' id='word_1_74' title='bbox 869 869 923 909; x_wconf 93' lang='lat' dir='ltr'>V.</span> 
     </span>
    </p>

    <p class='ocr_par' dir='ltr' id='par_1_13' title="bbox 317 935 1130 989">
     <span class='ocr_line' id='line_1_13' title="bbox 317 935 1130 989; baseline 0.002 -15"><span class='ocrx_word' id='word_1_75' title='bbox 317 937 414 988; x_wconf 92' lang='grc'>496,</span> <span class='ocrx_word' id='word_1_76' title='bbox 432 949 474 989; x_wconf 89' lang='grc'>5.</span> <span class='ocrx_word' id='word_1_77' title='bbox 496 935 591 986; x_wconf 85' lang='grc' dir='ltr'>πρὸς</span> <span class='ocrx_word' id='word_1_78' title='bbox 614 936 947 988; x_wconf 84' lang='grc' dir='ltr'>γάμον-μητέρα</span> <span class='ocrx_word' id='word_1_79' title='bbox 968 950 1049 976; x_wconf 84' lang='lat' dir='ltr'><strong>om.</strong></span> <span class='ocrx_word' id='word_1_80' title='bbox 1075 937 1130 976; x_wconf 87' lang='lat' dir='ltr'>T.</span> 
     </span>
    </p>

    <p class='ocr_par' dir='ltr' id='par_1_14' title="bbox 318 1002 938 1058">
     <span class='ocr_line' id='line_1_14' title="bbox 318 1002 938 1058; baseline 0.002 -16"><span class='ocrx_word' id='word_1_81' title='bbox 318 1003 415 1058; x_wconf 79' lang='grc'>496,</span> <span class='ocrx_word' id='word_1_82' title='bbox 435 1003 473 1042; x_wconf 90' lang='lat'>6.</span> <span class='ocrx_word' id='word_1_83' title='bbox 498 1002 542 1042; x_wconf 89' lang='grc' dir='ltr'>τὸ</span> <span class='ocrx_word' id='word_1_84' title='bbox 563 1002 705 1056; x_wconf 81' lang='grc' dir='ltr'>λέγον]</span> <span class='ocrx_word' id='word_1_85' title='bbox 733 1003 866 1055; x_wconf 84' lang='grc' dir='ltr'>λέγων</span> <span class='ocrx_word' id='word_1_86' title='bbox 883 1005 938 1043; x_wconf 93' lang='grc' dir='ltr'>Τ.</span> 
     </span>
    </p>

    <p class='ocr_par' dir='ltr' id='par_1_15' title="bbox 259 1069 1791 1325">
     <span class='ocr_line' id='line_1_15' title="bbox 317 1069 1791 1125; baseline 0.001 -17"><span class='ocrx_word' id='word_1_87' title='bbox 317 1071 414 1120; x_wconf 87' lang='grc'>496,</span> <span class='ocrx_word' id='word_1_88' title='bbox 435 1070 472 1109; x_wconf 84' lang='grc'>8.</span> <span class='ocrx_word' id='word_1_89' title='bbox 506 1069 612 1109; x_wconf 79' lang='lat' dir='ltr'>Post</span> <span class='ocrx_word' id='word_1_90' title='bbox 643 1072 861 1121; x_wconf 85' lang='grc' dir='ltr'>συρόμενον</span> <span class='ocrx_word' id='word_1_91' title='bbox 892 1070 1030 1125; x_wconf 74' lang='lat' dir='ltr'>pergit</span> <span class='ocrx_word' id='word_1_92' title='bbox 1053 1070 1101 1110; x_wconf 90' lang='lat' dir='ltr'>T.</span> <span class='ocrx_word' id='word_1_93' title='bbox 1126 1071 1189 1111; x_wconf 85' lang='grc' dir='ltr'>καὶ</span> <span class='ocrx_word' id='word_1_94' title='bbox 1209 1071 1260 1121; x_wconf 80' lang='grc' dir='ltr'>μὴ</span> <span class='ocrx_word' id='word_1_95' title='bbox 1283 1071 1403 1122; x_wconf 82' lang='grc' dir='ltr'>εὑρὼν</span> <span class='ocrx_word' id='word_1_96' title='bbox 1423 1072 1544 1110; x_wconf 85' lang='grc' dir='ltr'>λῦσαι</span> <span class='ocrx_word' id='word_1_97' title='bbox 1564 1069 1608 1109; x_wconf 82' lang='grc' dir='ltr'>τὸ</span> <span class='ocrx_word' id='word_1_98' title='bbox 1631 1070 1791 1122; x_wconf 83' lang='grc' dir='ltr'>αἴνιγμα</span> 
     </span>
     <span class='ocr_line' id='line_1_16' title="bbox 260 1136 1789 1189; baseline 0.001 -14"><span class='ocrx_word' id='word_1_99' title='bbox 260 1139 325 1186; x_wconf 86' lang='grc' dir='ltr'>τῆς</span> <span class='ocrx_word' id='word_1_100' title='bbox 357 1136 529 1188; x_wconf 83' lang='grc' dir='ltr'>σφιγγὸς</span> <span class='ocrx_word' id='word_1_101' title='bbox 560 1137 758 1177; x_wconf 83' lang='grc' dir='ltr'>ἀπέθανεν</span> <span class='ocrx_word' id='word_1_102' title='bbox 790 1139 810 1176; x_wconf 88' lang='grc' dir='ltr'>ὁ</span> <span class='ocrx_word' id='word_1_103' title='bbox 839 1137 1065 1188; x_wconf 83' lang='grc' dir='ltr'>μελάμπους</span> <span class='ocrx_word' id='word_1_104' title='bbox 1095 1137 1190 1188; x_wconf 82' lang='grc' dir='ltr'>πρὸς</span> <span class='ocrx_word' id='word_1_105' title='bbox 1221 1137 1349 1189; x_wconf 83' lang='grc' dir='ltr'>γάμον</span> <span class='ocrx_word' id='word_1_106' title='bbox 1382 1137 1450 1176; x_wconf 81' lang='grc' dir='ltr'>οὐκ</span> <span class='ocrx_word' id='word_1_107' title='bbox 1484 1137 1593 1179; x_wconf 83' lang='grc' dir='ltr'>εἰδὼς</span> <span class='ocrx_word' id='word_1_108' title='bbox 1625 1136 1695 1186; x_wconf 75' lang='grc' dir='ltr'>τὴν</span> <span class='ocrx_word' id='word_1_109' title='bbox 1718 1153 1789 1187; x_wconf 92' lang='grc' dir='ltr'>μη-</span> 
     </span>
     <span class='ocr_line' id='line_1_17' title="bbox 259 1203 1789 1259; baseline 0.001 -17"><span class='ocrx_word' id='word_1_110' title='bbox 259 1203 350 1254; x_wconf 85' lang='grc' dir='ltr'>τέρα</span> <span class='ocrx_word' id='word_1_111' title='bbox 366 1203 573 1244; x_wconf 80' lang='lat' dir='ltr'>z—verbis</span> <span class='ocrx_word' id='word_1_112' title='bbox 595 1204 699 1245; x_wconf 86' lang='lat' dir='ltr'>mire</span> <span class='ocrx_word' id='word_1_113' title='bbox 723 1204 906 1245; x_wconf 79' lang='lat' dir='ltr'>confusis</span> <span class='ocrx_word' id='word_1_114' title='bbox 932 1210 975 1245; x_wconf 76' lang='lat' dir='ltr'>ot</span> <span class='ocrx_word' id='word_1_115' title='bbox 1001 1204 1158 1259; x_wconf 77' lang='lat' dir='ltr'>partim</span> <span class='ocrx_word' id='word_1_116' title='bbox 1186 1219 1238 1244; x_wconf 82' lang='lat' dir='ltr'>ex</span> <span class='ocrx_word' id='word_1_117' title='bbox 1267 1204 1293 1245; x_wconf 93' lang='lat' dir='ltr'>l.</span> <span class='ocrx_word' id='word_1_118' title='bbox 1316 1205 1354 1244; x_wconf 92' lang='lat'>6.</span> <span class='ocrx_word' id='word_1_119' title='bbox 1377 1204 1458 1244; x_wconf 81' lang='lat' dir='ltr'>huo</span> <span class='ocrx_word' id='word_1_120' title='bbox 1479 1203 1619 1245; x_wconf 77' lang='lat' dir='ltr'><strong>illatis.</strong></span> <span class='ocrx_word' id='word_1_121' title='bbox 1681 1203 1789 1244; x_wconf 82' lang='lat' dir='ltr'>Reli-</span> 
     </span>
     <span class='ocr_line' id='line_1_18' title="bbox 260 1271 1553 1325; baseline 0.002 -17"><span class='ocrx_word' id='word_1_122' title='bbox 260 1284 387 1324; x_wconf 79' lang='lat' dir='ltr'>quam</span> <span class='ocrx_word' id='word_1_123' title='bbox 409 1271 551 1310; x_wconf 79' lang='lat' dir='ltr'>scholii</span> <span class='ocrx_word' id='word_1_124' title='bbox 574 1276 740 1325; x_wconf 79' lang='lat' dir='ltr'>partem</span> <span class='ocrx_word' id='word_1_125' title='bbox 763 1272 1224 1324; x_wconf 72' lang='grc' dir='ltr'>γίνεται-Ἀνδροτίωνι</span> <span class='ocrx_word' id='word_1_126' title='bbox 1246 1286 1329 1312; x_wconf 89' lang='lat' dir='ltr'>non</span> <span class='ocrx_word' id='word_1_127' title='bbox 1351 1271 1482 1312; x_wconf 73' lang='lat' dir='ltr'>habet</span> <span class='ocrx_word' id='word_1_128' title='bbox 1504 1271 1553 1311; x_wconf 91' lang='lat' dir='ltr'>T.</span> 
     </span>
    </p>

    <p class='ocr_par' dir='ltr' id='par_1_16' title="bbox 317 1339 1063 1394">
     <span class='ocr_line' id='line_1_19' title="bbox 317 1339 1063 1394; baseline 0.003 -17"><span class='ocrx_word' id='word_1_129' title='bbox 317 1339 416 1392; x_wconf 81' lang='grc'>498,</span> <span class='ocrx_word' id='word_1_130' title='bbox 437 1350 477 1391; x_wconf 90' lang='grc'>5.</span> <span class='ocrx_word' id='word_1_131' title='bbox 502 1339 703 1394; x_wconf 86' lang='grc' dir='ltr'>δηλονότι]</span> <span class='ocrx_word' id='word_1_132' title='bbox 728 1343 849 1390; x_wconf 85' lang='grc' dir='ltr'>δῆλον</span> <span class='ocrx_word' id='word_1_133' title='bbox 871 1341 940 1380; x_wconf 72' lang='grc' dir='ltr'>οὖν</span> <span class='ocrx_word' id='word_1_134' title='bbox 961 1357 996 1380; x_wconf 88' lang='grc' dir='ltr'>τι</span> <span class='ocrx_word' id='word_1_135' title='bbox 1017 1340 1063 1379; x_wconf 95' lang='grc' dir='ltr'>Τ.</span> 
     </span>
    </p>

    <p class='ocr_par' dir='ltr' id='par_1_17' title="bbox 319 1405 1531 1460">
     <span class='ocr_line' id='line_1_20' title="bbox 319 1405 1531 1460; baseline 0.001 -16"><span class='ocrx_word' id='word_1_136' title='bbox 319 1405 648 1460; x_wconf 73' lang='grc' dir='ltr'>δώδεκα-ἦσαν]</span> <span class='ocrx_word' id='word_1_137' title='bbox 682 1411 816 1449; x_wconf 81' lang='grc' dir='ltr'>παῖδες</span> <span class='ocrx_word' id='word_1_138' title='bbox 839 1406 986 1457; x_wconf 83' lang='grc' dir='ltr'>νηλέως</span> <span class='ocrx_word' id='word_1_139' title='bbox 1007 1411 1050 1457; x_wconf 89' lang='grc' dir='ltr'>ιβ</span> <span class='ocrx_word' id='word_1_140' title='bbox 1071 1407 1175 1456; x_wconf 76' lang='grc' dir='ltr'>ἦσαν</span> <span class='ocrx_word' id='word_1_141' title='bbox 1198 1408 1238 1446; x_wconf 88' lang='grc' dir='ltr'>ἐκ</span> <span class='ocrx_word' id='word_1_142' title='bbox 1261 1407 1460 1457; x_wconf 85' lang='grc' dir='ltr'>διαφόρων</span> <span class='ocrx_word' id='word_1_143' title='bbox 1483 1406 1531 1445; x_wconf 89' lang='grc' dir='ltr'>Τ.</span> 
     </span>
    </p>

    <p class='ocr_par' dir='ltr' id='par_1_18' title="bbox 317 1472 922 1523">
     <span class='ocr_line' id='line_1_21' title="bbox 317 1472 922 1523; baseline 0.005 -13"><span class='ocrx_word' id='word_1_144' title='bbox 317 1472 417 1523; x_wconf 80' lang='lat'>498,</span> <span class='ocrx_word' id='word_1_145' title='bbox 438 1472 474 1512; x_wconf 89' lang='lat'>8.</span> <span class='ocrx_word' id='word_1_146' title='bbox 498 1472 555 1512; x_wconf 80' lang='grc' dir='ltr'>διὸ</span> <span class='ocrx_word' id='word_1_147' title='bbox 578 1474 622 1512; x_wconf 85' lang='grc' dir='ltr'>τὸ</span> <span class='ocrx_word' id='word_1_148' title='bbox 646 1474 682 1513; x_wconf 85' lang='grc' dir='ltr'>ἀ.</span> <span class='ocrx_word' id='word_1_149' title='bbox 704 1491 744 1513; x_wconf 84' lang='grc' dir='ltr'><strong>π.</strong></span> <span class='ocrx_word' id='word_1_150' title='bbox 770 1488 850 1514; x_wconf 90' lang='lat' dir='ltr'><strong>om.</strong></span> <span class='ocrx_word' id='word_1_151' title='bbox 875 1474 922 1513; x_wconf 86' lang='lat' dir='ltr'>T.</span> 
     </span>
    </p>

    <p class='ocr_par' dir='ltr' id='par_1_19' title="bbox 318 1540 1284 1595">
     <span class='ocr_line' id='line_1_22' title="bbox 318 1540 1284 1595; baseline 0.001 -17"><span class='ocrx_word' id='word_1_152' title='bbox 318 1551 416 1591; x_wconf 85' lang='grc'>500,</span> <span class='ocrx_word' id='word_1_153' title='bbox 438 1551 500 1592; x_wconf 86' lang='grc'>15.</span> <span class='ocrx_word' id='word_1_154' title='bbox 526 1540 664 1590; x_wconf 73' lang='grc' dir='ltr'>Δηΐονι</span> <span class='ocrx_word' id='word_1_155' title='bbox 685 1544 735 1595; x_wconf 79' lang='grc' dir='ltr'>τῷ</span> <span class='ocrx_word' id='word_1_156' title='bbox 759 1541 865 1595; x_wconf 80' lang='grc' dir='ltr'>θείῳ]</span> <span class='ocrx_word' id='word_1_157' title='bbox 889 1541 1019 1591; x_wconf 78' lang='grc' dir='ltr'>δηΐωνι</span> <span class='ocrx_word' id='word_1_158' title='bbox 1040 1543 1091 1595; x_wconf 74' lang='grc' dir='ltr'>τῷ</span> <span class='ocrx_word' id='word_1_159' title='bbox 1115 1541 1213 1594; x_wconf 82' lang='grc' dir='ltr'>θέρῳ</span> <span class='ocrx_word' id='word_1_160' title='bbox 1238 1541 1284 1592; x_wconf 94' lang='lat' dir='ltr'>Q</span> 
     </span>
    </p>

    <p class='ocr_par' dir='ltr' id='par_1_20' title="bbox 317 1608 950 1661">
     <span class='ocr_line' id='line_1_23' title="bbox 317 1608 950 1661; baseline 0.003 -16"><span class='ocrx_word' id='word_1_161' title='bbox 317 1619 414 1658; x_wconf 83' lang='lat'>500,</span> <span class='ocrx_word' id='word_1_162' title='bbox 439 1608 500 1646; x_wconf 83' lang='lat'><strong>16.</strong></span> <span class='ocrx_word' id='word_1_163' title='bbox 527 1608 690 1661; x_wconf 81' lang='grc' dir='ltr'>Κρηθεῖ]</span> <span class='ocrx_word' id='word_1_164' title='bbox 721 1609 880 1660; x_wconf 80' lang='grc' dir='ltr'>κρηθεὺς</span> <span class='ocrx_word' id='word_1_165' title='bbox 904 1608 950 1660; x_wconf 89' lang='lat' dir='ltr'>Q.</span> 
     </span>
    </p>

    <p class='ocr_par' dir='ltr' id='par_1_21' title="bbox 317 1673 1073 1728">
     <span class='ocr_line' id='line_1_24' title="bbox 317 1673 1073 1728; baseline 0.003 -16"><span class='ocrx_word' id='word_1_166' title='bbox 317 1685 417 1726; x_wconf 90' lang='grc'>500,</span> <span class='ocrx_word' id='word_1_167' title='bbox 442 1673 504 1714; x_wconf 80' lang='grc'><strong>18.</strong></span> <span class='ocrx_word' id='word_1_168' title='bbox 529 1675 597 1714; x_wconf 85' lang='grc' dir='ltr'>τὸν</span> <span class='ocrx_word' id='word_1_169' title='bbox 618 1675 759 1727; x_wconf 81' lang='grc' dir='ltr'>γάμον]</span> <span class='ocrx_word' id='word_1_170' title='bbox 785 1680 853 1715; x_wconf 79' lang='grc' dir='ltr'>τοῦ</span> <span class='ocrx_word' id='word_1_171' title='bbox 876 1676 1001 1728; x_wconf 83' lang='grc' dir='ltr'>γάμου</span> <span class='ocrx_word' id='word_1_172' title='bbox 1025 1675 1073 1726; x_wconf 85' lang='lat' dir='ltr'>Q.</span> 
     </span>
    </p>

    <p class='ocr_par' dir='ltr' id='par_1_22' title="bbox 317 1741 934 1793">
     <span class='ocr_line' id='line_1_25' title="bbox 317 1741 934 1793; baseline 0.005 -15"><span class='ocrx_word' id='word_1_173' title='bbox 317 1752 414 1791; x_wconf 90' lang='grc'>501,</span> <span class='ocrx_word' id='word_1_174' title='bbox 434 1741 471 1780; x_wconf 89' lang='grc'>6.</span> <span class='ocrx_word' id='word_1_175' title='bbox 496 1742 686 1793; x_wconf 77' lang='grc' dir='ltr'>Θεστίου]</span> <span class='ocrx_word' id='word_1_176' title='bbox 713 1742 862 1784; x_wconf 77' lang='grc' dir='ltr'>θέτιδος</span> <span class='ocrx_word' id='word_1_177' title='bbox 885 1742 934 1793; x_wconf 85' lang='lat' dir='ltr'>Q.</span> 
     </span>
    </p>

    <p class='ocr_par' dir='ltr' id='par_1_23' title="bbox 316 1807 1091 1861">
     <span class='ocr_line' id='line_1_26' title="bbox 316 1807 1091 1861; baseline 0.004 -17"><span class='ocrx_word' id='word_1_178' title='bbox 316 1818 416 1858; x_wconf 90' lang='grc'>502,</span> <span class='ocrx_word' id='word_1_179' title='bbox 437 1819 503 1846; x_wconf 83' lang='lat'><strong>21.</strong></span> <span class='ocrx_word' id='word_1_180' title='bbox 526 1807 711 1861; x_wconf 78' lang='grc' dir='ltr'>γηγενὴς]</span> <span class='ocrx_word' id='word_1_181' title='bbox 739 1807 824 1858; x_wconf 85' lang='grc' dir='ltr'>ἤτοι</span> <span class='ocrx_word' id='word_1_182' title='bbox 845 1808 1012 1860; x_wconf 77' lang='grc' dir='ltr'>γηγενὴς</span> <span class='ocrx_word' id='word_1_183' title='bbox 1035 1808 1091 1847; x_wconf 88' lang='lat' dir='ltr'>H.</span> 
     </span>
    </p>

    <p class='ocr_par' dir='ltr' id='par_1_24' title="bbox 317 1873 918 1926">
     <span class='ocr_line' id='line_1_27' title="bbox 317 1873 918 1926; baseline 0.007 -14"><span class='ocrx_word' id='word_1_184' title='bbox 317 1885 413 1926; x_wconf 86' lang='grc'>502,</span> <span class='ocrx_word' id='word_1_185' title='bbox 435 1875 500 1915; x_wconf 85' lang='grc'><strong>26.</strong></span> <span class='ocrx_word' id='word_1_186' title='bbox 524 1873 655 1926; x_wconf 82' lang='grc' dir='ltr'>θέμεν]</span> <span class='ocrx_word' id='word_1_187' title='bbox 683 1875 839 1925; x_wconf 84' lang='grc' dir='ltr'>θέμεναι</span> <span class='ocrx_word' id='word_1_188' title='bbox 861 1875 918 1916; x_wconf 88' lang='grc' dir='ltr'>Η.</span> 
     </span>
    </p>

    <p class='ocr_par' dir='ltr' id='par_1_25' title="bbox 259 1942 1785 2061">
     <span class='ocr_line' id='line_1_28' title="bbox 316 1942 1785 1997; baseline 0.004 -18"><span class='ocrx_word' id='word_1_189' title='bbox 316 1942 417 1993; x_wconf 87' lang='grc'>506,</span> <span class='ocrx_word' id='word_1_190' title='bbox 443 1954 511 1991; x_wconf 78' lang='grc'>24.</span> <span class='ocrx_word' id='word_1_191' title='bbox 544 1943 614 1981; x_wconf 84' lang='grc' dir='ltr'>τὸν</span> <span class='ocrx_word' id='word_1_192' title='bbox 643 1943 879 1997; x_wconf 81' lang='grc' dir='ltr'>λεγόμενον]</span> <span class='ocrx_word' id='word_1_193' title='bbox 912 1943 1027 1984; x_wconf 76' lang='lat' dir='ltr'><strong>Fort.</strong></span> <span class='ocrx_word' id='word_1_194' title='bbox 1060 1944 1130 1983; x_wconf 88' lang='grc' dir='ltr'>τὸν</span> <span class='ocrx_word' id='word_1_195' title='bbox 1162 1944 1329 1983; x_wconf 84' lang='grc' dir='ltr'>ἐνταῦθα</span> <span class='ocrx_word' id='word_1_196' title='bbox 1355 1944 1588 1995; x_wconf 84' lang='grc' dir='ltr'>λεγόμενον,</span> <span class='ocrx_word' id='word_1_197' title='bbox 1617 1944 1681 1985; x_wconf 80' lang='lat' dir='ltr'>vel</span> <span class='ocrx_word' id='word_1_198' title='bbox 1716 1945 1785 1985; x_wconf 83' lang='grc' dir='ltr'>τὸν</span> 
     </span>
     <span class='ocr_line' id='line_1_29' title="bbox 259 2008 773 2061; baseline 0.008 -15"><span class='ocrx_word' id='word_1_199' title='bbox 259 2008 479 2059; x_wconf 82' lang='grc' dir='ltr'>λεγόμενον</span> <span class='ocrx_word' id='word_1_200' title='bbox 502 2010 773 2061; x_wconf 84' lang='grc' dir='ltr'>Μινώταυρον.</span> 
     </span>
    </p>

    <p class='ocr_par' dir='ltr' id='par_1_26' title="bbox 261 2075 1783 2195">
     <span class='ocr_line' id='line_1_30' title="bbox 316 2075 1783 2134; baseline 0.005 -21"><span class='ocrx_word' id='word_1_201' title='bbox 316 2075 416 2127; x_wconf 90' lang='grc'>506,</span> <span class='ocrx_word' id='word_1_202' title='bbox 441 2076 505 2115; x_wconf 82' lang='lat'><strong>28.</strong></span> <span class='ocrx_word' id='word_1_203' title='bbox 534 2076 624 2125; x_wconf 88' lang='lat' dir='ltr'>(Ad</span> <span class='ocrx_word' id='word_1_204' title='bbox 645 2091 681 2116; x_wconf 89' lang='lat' dir='ltr'>v.</span> <span class='ocrx_word' id='word_1_205' title='bbox 705 2081 824 2131; x_wconf 80' lang='lat'><strong>324.)</strong></span> <span class='ocrx_word' id='word_1_206' title='bbox 845 2078 967 2129; x_wconf 86' lang='grc' dir='ltr'>πάρος</span> <span class='ocrx_word' id='word_1_207' title='bbox 988 2078 1031 2118; x_wconf 88' lang='grc' dir='ltr'>δέ</span> <span class='ocrx_word' id='word_1_208' title='bbox 1056 2095 1122 2123; x_wconf 83' lang='grc' dir='ltr'>μιν</span> <span class='ocrx_word' id='word_1_209' title='bbox 1141 2077 1326 2129; x_wconf 77' lang='grc' dir='ltr'>’Ἄρτεμις</span> <span class='ocrx_word' id='word_1_210' title='bbox 1354 2078 1456 2119; x_wconf 84' lang='grc' dir='ltr'>ἔκτα·</span> <span class='ocrx_word' id='word_1_211' title='bbox 1489 2079 1687 2131; x_wconf 84' lang='grc' dir='ltr'>ἔμπροσθε</span> <span class='ocrx_word' id='word_1_212' title='bbox 1708 2083 1783 2134; x_wconf 78' lang='grc' dir='ltr'>γὰρ</span> 
     </span>
     <span class='ocr_line' id='line_1_31' title="bbox 261 2141 1129 2195; baseline 0.005 -15"><span class='ocrx_word' id='word_1_213' title='bbox 261 2141 354 2191; x_wconf 76' lang='grc' dir='ltr'>αὐτη</span> <span class='ocrx_word' id='word_1_214' title='bbox 376 2142 448 2193; x_wconf 83' lang='grc' dir='ltr'>πρὸ</span> <span class='ocrx_word' id='word_1_215' title='bbox 469 2145 538 2182; x_wconf 84' lang='grc' dir='ltr'>τοῦ</span> <span class='ocrx_word' id='word_1_216' title='bbox 559 2145 690 2184; x_wconf 83' lang='grc' dir='ltr'>ἐλθεῖν</span> <span class='ocrx_word' id='word_1_217' title='bbox 712 2146 765 2186; x_wconf 83' lang='grc' dir='ltr'>εἷς</span> <span class='ocrx_word' id='word_1_218' title='bbox 783 2143 978 2195; x_wconf 70' lang='grc' dir='ltr'>Ἀθήνας-ε</span> <span class='ocrx_word' id='word_1_219' title='bbox 1000 2170 1056 2175; x_wconf 85' lang='lat'>—-</span> <span class='ocrx_word' id='word_1_220' title='bbox 1073 2146 1129 2184; x_wconf 84' lang='lat' dir='ltr'><strong>T.</strong></span> 
     </span>
    </p>

    <p class='ocr_par' dir='ltr' id='par_1_27' title="bbox 317 2211 744 2261">
     <span class='ocr_line' id='line_1_32' title="bbox 317 2211 744 2261; baseline 0.007 -14"><span class='ocrx_word' id='word_1_221' title='bbox 317 2220 416 2261; x_wconf 85' lang='grc'>507,</span> <span class='ocrx_word' id='word_1_222' title='bbox 441 2222 479 2249; x_wconf 83' lang='lat'>2.</span> <span class='ocrx_word' id='word_1_223' title='bbox 503 2213 570 2249; x_wconf 87' lang='grc' dir='ltr'>τοῦ</span> <span class='ocrx_word' id='word_1_224' title='bbox 591 2224 671 2250; x_wconf 87' lang='grc'>0111.</span> <span class='ocrx_word' id='word_1_225' title='bbox 697 2211 744 2261; x_wconf 93' lang='lat' dir='ltr'>Q.</span> 
     </span>
    </p>

    <p class='ocr_par' dir='ltr' id='par_1_28' title="bbox 315 2276 1760 2330">
     <span class='ocr_line' id='line_1_33' title="bbox 315 2276 1760 2330; baseline 0.005 -16"><span class='ocrx_word' id='word_1_226' title='bbox 315 2287 414 2328; x_wconf 84' lang='lat'>507,</span> <span class='ocrx_word' id='word_1_227' title='bbox 439 2288 504 2327; x_wconf 86' lang='lat'>25.</span> <span class='ocrx_word' id='word_1_228' title='bbox 531 2276 716 2330; x_wconf 75' lang='grc' dir='ltr'>Δηίονος]</span> <span class='ocrx_word' id='word_1_229' title='bbox 746 2276 906 2328; x_wconf 73' lang='grc' dir='ltr'>δηΐωνος</span> <span class='ocrx_word' id='word_1_230' title='bbox 929 2277 977 2328; x_wconf 88' lang='lat' dir='ltr'>Q.</span> <span class='ocrx_word' id='word_1_231' title='bbox 1021 2279 1172 2328; x_wconf 86' lang='grc' dir='ltr'>δηϊόνος</span> <span class='ocrx_word' id='word_1_232' title='bbox 1193 2279 1241 2317; x_wconf 87' lang='lat' dir='ltr'>V.</span> <span class='ocrx_word' id='word_1_233' title='bbox 1304 2278 1368 2319; x_wconf 89' lang='lat' dir='ltr'>De</span> <span class='ocrx_word' id='word_1_234' title='bbox 1392 2279 1449 2319; x_wconf 91' lang='lat' dir='ltr'>H.</span> <span class='ocrx_word' id='word_1_235' title='bbox 1474 2293 1558 2319; x_wconf 90' lang='lat' dir='ltr'>non</span> <span class='ocrx_word' id='word_1_236' title='bbox 1579 2285 1760 2321; x_wconf 75' lang='lat' dir='ltr'><strong>const-at.</strong></span> 
     </span>
    </p>

    <p class='ocr_par' dir='ltr' id='par_1_29' title="bbox 317 2342 756 2395">
     <span class='ocr_line' id='line_1_34' title="bbox 317 2342 756 2395; baseline 0.007 -14"><span class='ocrx_word' id='word_1_237' title='bbox 317 2342 487 2395; x_wconf 83' lang='grc' dir='ltr'>ποδώκη]</span> <span class='ocrx_word' id='word_1_238' title='bbox 510 2345 686 2383; x_wconf 83' lang='grc' dir='ltr'>ποδώκεα</span> <span class='ocrx_word' id='word_1_239' title='bbox 709 2344 756 2395; x_wconf 86' lang='lat' dir='ltr'>Q.</span> 
     </span>
    </p>

    <p class='ocr_par' dir='ltr' id='par_1_30' title="bbox 317 2409 1395 2463">
     <span class='ocr_line' id='line_1_35' title="bbox 317 2409 1395 2463; baseline 0.006 -16"><span class='ocrx_word' id='word_1_240' title='bbox 317 2418 413 2462; x_wconf 86' lang='lat'>507,</span> <span class='ocrx_word' id='word_1_241' title='bbox 439 2421 506 2462; x_wconf 85' lang='lat'>27.</span> <span class='ocrx_word' id='word_1_242' title='bbox 529 2409 688 2463; x_wconf 78' lang='grc' dir='ltr'>τάχους]</span> <span class='ocrx_word' id='word_1_243' title='bbox 711 2411 856 2453; x_wconf 83' lang='grc' dir='ltr'>πάθους</span> <span class='ocrx_word' id='word_1_244' title='bbox 879 2411 939 2462; x_wconf 82' lang='lat' dir='ltr'>Q:</span> <span class='ocrx_word' id='word_1_245' title='bbox 971 2412 1080 2451; x_wconf 82' lang='lat' dir='ltr'>unde</span> <span class='ocrx_word' id='word_1_246' title='bbox 1102 2412 1218 2454; x_wconf 85' lang='grc' dir='ltr'>ποδὸς</span> <span class='ocrx_word' id='word_1_247' title='bbox 1241 2413 1395 2453; x_wconf 80' lang='lat' dir='ltr'><strong>Maius.</strong></span> 
     </span>
    </p>

    <p class='ocr_par' dir='ltr' id='par_1_31' title="bbox 314 2477 1357 2531">
     <span class='ocr_line' id='line_1_36' title="bbox 314 2477 1357 2531; baseline 0.006 -16"><span class='ocrx_word' id='word_1_248' title='bbox 314 2477 413 2528; x_wconf 81' lang='lat'>508,</span> <span class='ocrx_word' id='word_1_249' title='bbox 433 2486 498 2528; x_wconf 84' lang='lat'>25.</span> <span class='ocrx_word' id='word_1_250' title='bbox 523 2479 804 2527; x_wconf 84' lang='grc' dir='ltr'>παρακείμενος</span> <span class='ocrx_word' id='word_1_251' title='bbox 826 2478 990 2519; x_wconf 78' lang='lat' dir='ltr'><strong>Buttm.</strong></span> <span class='ocrx_word' id='word_1_252' title='bbox 1032 2480 1289 2531; x_wconf 85' lang='grc' dir='ltr'>παρατατικὸς</span> <span class='ocrx_word' id='word_1_253' title='bbox 1310 2480 1357 2521; x_wconf 89' lang='grc' dir='ltr'><strong>Β.</strong></span> 
     </span>
    </p>

    <p class='ocr_par' dir='ltr' id='par_1_32' title="bbox 252 2544 1779 2869">
     <span class='ocr_line' id='line_1_37' title="bbox 315 2544 1779 2605; baseline 0.006 -24"><span class='ocrx_word' id='word_1_254' title='bbox 315 2555 413 2596; x_wconf 81' lang='grc'>509,</span> <span class='ocrx_word' id='word_1_255' title='bbox 439 2553 569 2595; x_wconf 76' lang='lat'><strong>17—9.</strong></span> <span class='ocrx_word' id='word_1_256' title='bbox 575 2557 613 2597; x_wconf 88' lang='grc'><strong>3.</strong></span> <span class='ocrx_word' id='word_1_257' title='bbox 646 2544 714 2584; x_wconf 82' lang='grc' dir='ltr'>οὐκ</span> <span class='ocrx_word' id='word_1_258' title='bbox 737 2546 1200 2598; x_wconf 82' lang='grc' dir='ltr'>ἀποσκόπως-οἰόμεθα]</span> <span class='ocrx_word' id='word_1_259' title='bbox 1238 2548 1335 2588; x_wconf 84' lang='lat' dir='ltr'>Hoc</span> <span class='ocrx_word' id='word_1_260' title='bbox 1365 2548 1551 2589; x_wconf 84' lang='lat' dir='ltr'>scholion</span> <span class='ocrx_word' id='word_1_261' title='bbox 1573 2549 1631 2590; x_wconf 83' lang='lat' dir='ltr'>sic</span> <span class='ocrx_word' id='word_1_262' title='bbox 1654 2551 1779 2605; x_wconf 84' lang='lat' dir='ltr'>scrip-</span> 
     </span>
     <span class='ocr_line' id='line_1_38' title="bbox 257 2610 1779 2668; baseline 0.008 -20"><span class='ocrx_word' id='word_1_263' title='bbox 257 2614 348 2649; x_wconf 77' lang='lat' dir='ltr'>tum</span> <span class='ocrx_word' id='word_1_264' title='bbox 379 2610 421 2649; x_wconf 89' lang='lat' dir='ltr'>in</span> <span class='ocrx_word' id='word_1_265' title='bbox 450 2611 506 2650; x_wconf 90' lang='grc' dir='ltr'>Τ.</span> <span class='ocrx_word' id='word_1_266' title='bbox 529 2612 605 2651; x_wconf 82' lang='grc' dir='ltr'>ἄπο</span> <span class='ocrx_word' id='word_1_267' title='bbox 628 2615 798 2652; x_wconf 56' lang='lat' dir='ltr'>oxon-013:</span> <span class='ocrx_word' id='word_1_268' title='bbox 831 2613 898 2652; x_wconf 83' lang='grc' dir='ltr'>οὐκ</span> <span class='ocrx_word' id='word_1_269' title='bbox 920 2614 1067 2654; x_wconf 80' lang='grc' dir='ltr'>ἄποθεν</span> <span class='ocrx_word' id='word_1_270' title='bbox 1088 2618 1156 2654; x_wconf 86' lang='grc' dir='ltr'>τοῦ</span> <span class='ocrx_word' id='word_1_271' title='bbox 1177 2618 1325 2654; x_wconf 83' lang='grc' dir='ltr'>σκοποῦ</span> <span class='ocrx_word' id='word_1_272' title='bbox 1353 2615 1401 2666; x_wconf 78' lang='grc' dir='ltr'>ἣν</span> <span class='ocrx_word' id='word_1_273' title='bbox 1428 2616 1490 2656; x_wconf 84' lang='grc' dir='ltr'>καὶ</span> <span class='ocrx_word' id='word_1_274' title='bbox 1510 2619 1575 2667; x_wconf 81' lang='grc' dir='ltr'>τῆς</span> <span class='ocrx_word' id='word_1_275' title='bbox 1596 2619 1705 2668; x_wconf 77' lang='grc' dir='ltr'>δόξης</span> <span class='ocrx_word' id='word_1_276' title='bbox 1734 2619 1779 2668; x_wconf 80' lang='grc' dir='ltr'>ἧς</span> 
     </span>
     <span class='ocr_line' id='line_1_39' title="bbox 258 2677 1777 2731; baseline 0.007 -15"><span class='ocrx_word' id='word_1_277' title='bbox 258 2677 344 2728; x_wconf 83' lang='grc' dir='ltr'>περὶ</span> <span class='ocrx_word' id='word_1_278' title='bbox 363 2677 478 2728; x_wconf 83' lang='grc' dir='ltr'>αὐτῆς</span> <span class='ocrx_word' id='word_1_279' title='bbox 497 2678 639 2730; x_wconf 81' lang='grc' dir='ltr'>ἔχομεν</span> <span class='ocrx_word' id='word_1_280' title='bbox 655 2679 712 2718; x_wconf 82' lang='grc' dir='ltr'>ὅτι</span> <span class='ocrx_word' id='word_1_281' title='bbox 734 2679 943 2731; x_wconf 80' lang='grc' dir='ltr'>φιλόξενός</span> <span class='ocrx_word' id='word_1_282' title='bbox 966 2682 1062 2721; x_wconf 87' lang='grc' dir='ltr'><strong>ἐστι.</strong></span> <span class='ocrx_word' id='word_1_283' title='bbox 1087 2680 1110 2731; x_wconf 80' lang='grc' dir='ltr'>ἢ</span> <span class='ocrx_word' id='word_1_284' title='bbox 1132 2682 1199 2722; x_wconf 83' lang='grc' dir='ltr'>οὐκ</span> <span class='ocrx_word' id='word_1_285' title='bbox 1215 2683 1362 2723; x_wconf 80' lang='grc' dir='ltr'>ἄποθεν</span> <span class='ocrx_word' id='word_1_286' title='bbox 1383 2687 1450 2723; x_wconf 82' lang='grc' dir='ltr'>τοῦ</span> <span class='ocrx_word' id='word_1_287' title='bbox 1472 2683 1626 2726; x_wconf 85' lang='grc' dir='ltr'>δέοντος</span> <span class='ocrx_word' id='word_1_288' title='bbox 1648 2685 1777 2726; x_wconf 84' lang='grc' dir='ltr'>διαλέ-</span> 
     </span>
     <span class='ocr_line' id='line_1_40' title="bbox 252 2745 1776 2799; baseline 0.006 -16"><span class='ocrx_word' id='word_1_289' title='bbox 252 2745 536 2795; x_wconf 73' lang='grc' dir='ltr'>γεται-ἀλλὰ</span> <span class='ocrx_word' id='word_1_290' title='bbox 558 2745 618 2785; x_wconf 86' lang='grc' dir='ltr'>καὶ</span> <span class='ocrx_word' id='word_1_291' title='bbox 640 2748 815 2787; x_wconf 81' lang='grc' dir='ltr'>συνετός.</span> <span class='ocrx_word' id='word_1_292' title='bbox 847 2748 990 2790; x_wconf 82' lang='grc' dir='ltr'><strong>ἄλλως.</strong></span> <span class='ocrx_word' id='word_1_293' title='bbox 1025 2751 1129 2799; x_wconf 79' lang='grc' dir='ltr'>παρὰ</span> <span class='ocrx_word' id='word_1_294' title='bbox 1151 2749 1221 2799; x_wconf 78' lang='grc' dir='ltr'>τὴν</span> <span class='ocrx_word' id='word_1_295' title='bbox 1243 2750 1418 2790; x_wconf 84' lang='grc' dir='ltr'>διάθεσιν</span> <span class='ocrx_word' id='word_1_296' title='bbox 1447 2752 1508 2791; x_wconf 84' lang='grc' dir='ltr'>καὶ</span> <span class='ocrx_word' id='word_1_297' title='bbox 1536 2751 1603 2791; x_wconf 82' lang='grc' dir='ltr'>τὸν</span> <span class='ocrx_word' id='word_1_298' title='bbox 1625 2753 1776 2792; x_wconf 76' lang='grc' dir='ltr'>σκοπὸν</span> 
     </span>
     <span class='ocr_line' id='line_1_41' title="bbox 258 2811 1365 2869; baseline 0.006 -18"><span class='ocrx_word' id='word_1_299' title='bbox 258 2811 364 2861; x_wconf 82' lang='grc' dir='ltr'>ἡμῶν</span> <span class='ocrx_word' id='word_1_300' title='bbox 387 2811 495 2852; x_wconf 74' lang='grc' dir='ltr'>εἶπεν</span> <span class='ocrx_word' id='word_1_301' title='bbox 516 2813 538 2862; x_wconf 85' lang='grc' dir='ltr'>ἡ</span> <span class='ocrx_word' id='word_1_302' title='bbox 559 2814 795 2863; x_wconf 73' lang='grc' dir='ltr'><strong>βασίλισσα.</strong></span> <span class='ocrx_word' id='word_1_303' title='bbox 829 2817 1031 2865; x_wconf 76' lang='grc' dir='ltr'>φιλόξενοι</span> <span class='ocrx_word' id='word_1_304' title='bbox 1053 2819 1127 2869; x_wconf 77' lang='grc' dir='ltr'>γὰρ</span> <span class='ocrx_word' id='word_1_305' title='bbox 1151 2817 1291 2868; x_wconf 75' lang='grc' dir='ltr'>ἐσμένε</span> <span class='ocrx_word' id='word_1_306' title='bbox 1311 2842 1365 2848; x_wconf 86' lang='lat'>-—</span> 
     </span>
    </p>
   </div>
  </div>
 </body>
</html>
