1956 3239
747 91 1156 132 APPENDIX.
1628 91 1710 133 783

248 213 345 266 476,
371 225 429 264 14.
454 213 577 253 οἰκεῖα
598 211 708 252 Η.Τ.
752 213 883 253 ἐκεῖνα
906 212 960 252 V.

247 282 344 332 476,
367 291 432 334 15.
454 285 498 331 φ.
521 278 578 332 δὲ]
601 283 644 330 φ.
669 278 730 318 καὶ
752 278 800 318 Τ.

248 346 448 400 Φυτικοῖς]
472 348 653 396 φυσικοῖς
675 343 785 384 Η.Τ.

246 410 470 465 ἀφανίζειν]
495 413 746 462 ἀφαιρεῖσθαι
769 410 818 450 Τ.

244 479 342 530 476,
362 480 424 518 16.
459 477 658 531 Sequitur
688 477 730 517 in
763 477 811 517 T.
845 476 1031 517 scholion
1062 477 1117 518 ad
1147 491 1183 517 v.
1206 488 1304 531 512.
1337 477 1553 528 εὐρώενταε
1587 476 1710 529 μέγαν

189 549 250 587 διὰ
277 547 320 586 τὸ
348 546 475 586 πάντα
505 545 701 598 δέχεσθαι.
732 546 952 596 ἢσκοτώδη
981 548 1041 585 διὰ
1069 545 1113 585 τὸ
1141 548 1208 585 τοῦ
1230 547 1392 588 σκότους
1422 545 1655 598 παχυμερές.
1686 544 1709 596 ἢ

188 615 235 653 τὸ.
256 615 453 666 ὁμιχλώδη
476 613 539 653 καὶ
560 612 755 653 σκοτεινά.

243 682 343 733 476,
364 681 428 721 18.
454 680 497 720 τὸ
519 679 576 733 δὲ]
599 681 642 720 τό
662 697 704 720 τε
727 679 841 731 H.Q.

243 749 341 799 476,
364 760 429 798 24.
452 748 536 799 ἠδὲ]
565 749 620 787 ἰδὲ
644 747 700 787 Η.

243 826 340 868 477,
364 828 402 868 3.
425 815 736 868 ὀφειλὴ-ἰαχὴ]
765 816 872 855 Haee
894 815 957 855 vel
979 818 1177 868 corrupta
1198 814 1261 854 vel
1283 814 1460 854 defecta.

243 883 343 934 478,
367 884 405 922 6.
428 884 507 937 ὑφῇ
530 883 830 923 Buttmannus.
873 883 953 937 ἀφῇ
979 882 1075 935 (sic)
1100 882 1163 922 ed.
1192 881 1363 921 Mediol.

243 950 339 1001 478,
367 962 431 990 22.
457 950 560 990 εἶδεν
582 950 699 989 αὐτοῦ
720 950 801 1005 καὶ]
827 949 905 989 εἶδε
927 951 987 989 καὶ
1010 949 1058 1000 Q.

242 1016 340 1068 478‚
362 1029 427 1070 23.
452 1017 660 1067 γυναικῶν]
687 1020 869 1067 γυναῖκας
892 1015 942 1055 Ρ.

243 1084 340 1133 480,
363 1097 402 1134 4.
426 1083 489 1135 τὸ]
516 1085 535 1122 6
557 1082 662 1133 ΒΩ.

243 1150 339 1200 480,
364 1163 402 1203 9.
425 1147 644 1202 ἀνατολὴν]
669 1149 864 1190 ἀνατολὰς
886 1148 989 1199 Β.Ω.

242 1217 339 1266 480,
363 1229 424 1256 10.
450 1215 763 1267 μεταβάλληται,
787 1216 978 1269 ἀποκλίνῃ
1000 1214 1164 1255 correxi
1185 1228 1261 1268 pro
1282 1214 1591 1265 μεταβάλλεται,
1615 1215 1710 1254 ἀπο-

187 1285 324 1324 κλίνει.

242 1351 340 1401 482,
359 1363 424 1391 21.
447 1352 674 1402 παρεόντων
699 1352 780 1396 νῦν,
800 1349 927 1404 ἀλλὰ]
953 1349 1003 1388 In
1026 1349 1082 1388 H.
1105 1362 1195 1388 esse
1217 1347 1374 1388 dicitur
1393 1348 1619 1398 παρεόντων
1641 1350 1711 1388 νῦν

185 1418 280 1468 πρὸς
300 1421 377 1458 τῶν
399 1416 746 1468 ἀπολελειμμένων
767 1417 854 1467 περὶ
875 1420 951 1456 τῶν
973 1416 1016 1455 οὐ
1038 1416 1242 1467 παρόντων
1264 1419 1335 1455 νῦν
1356 1415 1532 1454 ἀλλὰ--.

242 1485 340 1538 483,
366 1496 402 1537 7.
429 1488 601 1524 κακκεῖαι
623 1487 686 1524 est
707 1483 819 1537 apud
843 1482 1113 1537 Apollonium
1137 1481 1238 1521 Lex.
1264 1496 1294 1521 s.
1317 1481 1357 1520 h.
1380 1495 1414 1520 v.

242 1553 340 1606 483,
361 1552 425 1591 18.
459 1550 658 1601 ἀπήντησε
689 1550 988 1591 Buttmannus.
1030 1548 1206 1603 ἀπῄτησε
1238 1547 1358 1599 Β.Ω.,
1386 1546 1465 1587 nisi
1496 1545 1562 1586 hic
1593 1559 1712 1586 error

185 1618 420 1673 typothetae
439 1622 515 1657 est.
579 1616 683 1656 Mox
705 1620 818 1656 recte
841 1615 1041 1666 ἀπήντησε
1061 1629 1101 1668 p.
1118 1615 1217 1666 484,
1234 1615 1272 1654 6.

243 1685 339 1739 483,
360 1697 427 1724 21.
449 1684 530 1726 υἱὸς
552 1698 631 1723 om.
655 1683 711 1723 H.

243 1752 339 1805 483,
362 1764 428 1792 22.
448 1750 698 1804 Ἑωσφόρου]
722 1751 934 1801 σωσφόρου
957 1748 1007 1790 Τ.

243 1818 342 1869 484,
364 1831 402 1871 3.
424 1817 551 1870 ἡδέος]
579 1816 701 1867 ἡδέως
723 1816 773 1868 Ω.

243 1887 425 1940 485‚31.
449 1886 551 1927 ὅπως
572 1884 620 1924 ἂν
641 1883 676 1939 ᾖ,
703 1885 763 1925 καὶ
784 1897 864 1923 om.
890 1883 940 1923 B.

243 1954 379 2003 ὅμοιον
401 1953 468 2006 τῷ]
496 1953 518 1991 ὅ
537 1968 603 2002 μοι
623 1951 666 1991 τὸ
689 1951 737 1990 Β.

243 2021 340 2073 485,
357 2031 424 2073 32.
447 2018 594 2072 χρυσέῃ
618 2018 667 2057 Β.
708 2020 834 2072 χρυσῇ
857 2017 911 2056 V.

243 2089 340 2139 487,
369 2099 430 2138 17.
454 2086 644 2138 στύρακα]
674 2085 859 2135 στείρακα
882 2084 930 2135 Ω.

248 2155 346 2207 489,
364 2165 403 2208 5.
426 2154 593 2205 πραέσιν
615 2167 693 2193 0111.
719 2152 766 2204 Q.

243 2223 341 2275 489,
363 2233 427 2273 17.
453 2223 473 2260 6
494 2235 574 2260 om.
599 2220 648 2272 Q.

245 2290 343 2343 489,
364 2301 428 2330 21.
455 2289 675 2338 ἐπιθέμενοι
697 2302 776 2327 om.
800 2287 846 2327 T.

243 2370 343 2409 490,
359 2369 425 2397 21.
451 2356 628 2408 εὐφήμως
649 2369 729 2395 om.
753 2354 802 2406 Ω.

244 2426 315 2475 τὴν
336 2426 373 2464 ἀ.
395 2425 635 2476 ἐσιώπησεν]
663 2424 860 2472 ἐσιώπησε
884 2422 952 2472 τὴν
973 2423 1010 2461 ἀ.
1036 2422 1084 2472 Q.

245 2504 343 2545 492,
364 2505 428 2542 14.
449 2491 542 2530 λίαν
565 2492 584 2529 6
605 2504 684 2529 om.
709 2489 756 2529 T.

245 2569 342 2610 492,
364 2571 426 2611 15.
453 2558 514 2596 καὶ
535 2558 570 2596 ἆ.
595 2557 652 2596 διὸ
677 2556 737 2596 καὶ
758 2570 837 2595 om.
864 2555 912 2595 T.

248 2623 516 2676 κεραυνοῦται]
546 2624 800 2674 κεραυνωθείς
821 2622 869 2662 T.

246 2703 343 2744 492,
366 2702 428 2730 20.
452 2690 539 2729 οὐδὲ
561 2689 722 2729 correxi
745 2703 820 2742 pro
842 2690 943 2729 οὔτε.

246 2770 342 2809 492,
367 2758 585 2809 26.-493,
607 2767 643 2795 2.
676 2756 1063 2807 ἐναντίον-λύεται]
1090 2757 1268 2797 ἐναντίον
1289 2759 1397 2797 δοκεῖ
1421 2755 1463 2795 τὸ
1486 2753 1596 2804 ἀξίου
1618 2752 1709 2793 κάλ-

190 2830 333 2863 λιστον
353 2825 452 2874 ὕδωρ
475 2824 714 2862 ἐπικίδναται
737 2822 826 2861 αἶαν
845 2823 1046 2862 ι-λύεται
1069 2822 1124 2862 Τ.
