1956 3239
780 92 1202 133 APPENDIX.
1668 94 1746 137 751

289 220 382 262 149,
403 217 466 260 17.
487 205 803 261 πιθανῶς-τῆς]
828 209 999 248 πιθανῶς
1021 206 1278 258 συμμέρισται
1303 206 1394 259 (sic)
1419 209 1494 259 γὰρ
1516 208 1582 258 τῆς
1604 208 1651 247 Τ.

288 288 381 328 149,
402 288 464 328 19.
487 273 648 325 δέδμητο
667 291 674 315 :
706 273 963 315 ὑποτέτακται
980 291 1053 316 :——
1067 275 1116 314 T.

288 355 380 394 149,
405 355 427 383 2
431 351 469 396 5.
494 342 719 382 ἐπαιδεύετο
740 345 838 396 posi:
860 343 943 383 ἐκεῖ
961 341 1009 382 Τ.
1050 342 1168 383 Idem
1189 341 1230 381 in
1253 342 1390 382 verbis
1411 342 1453 382 in
1474 342 1750 383 annotatione

225 408 374 462 positis
396 408 557 450 omittit
577 409 621 449 τὸ
641 413 738 463 post
759 409 836 450 διά.

283 475 495 532 τεράφθαι]
519 477 792 528 ἆνατραφῆναι
813 477 859 516 Τ.

287 557 380 597 149,
406 554 471 596 27.
495 543 618 599 ἦσαν]
643 543 711 584 Sic
732 543 861 585 etiam
883 545 947 593 T.‚
971 559 1054 585 non
1078 546 1177 585 εἰσίν
1199 544 1311 599 quod
1335 544 1542 584 Prellerus
1563 543 1714 598 posuit.

286 624 376 665 150,
406 625 439 652 1.
462 611 607 667 φησιν]
631 612 730 664 φασὶ
752 612 798 652 Τ.

286 691 379 732 150,
404 692 441 719 2.
463 679 486 729 ἡ
508 693 589 720 om.
614 679 662 719 T.
717 679 767 719 In
789 679 937 720 eodem
959 680 1033 720 ὑπὸ
1057 680 1216 720 factum
1238 694 1290 720 ex
1312 680 1401 719 ἀπό.

287 754 377 799 150,
400 759 438 800 3.
464 748 539 798 γὰρ
561 761 641 787 om.
664 747 711 786 T.

281 812 424 868 φησὶν]
449 815 574 865 φασὶν
596 814 642 853 T.
695 813 815 853 Idem
835 813 890 853 ad
911 828 946 854 V.
971 827 1068 867 309.
1093 815 1185 855 τὸνε
1218 814 1304 854 ἀντὶ
1325 816 1393 854 τοῦ
1415 814 1606 866 Αἴγισθον
1621 828 1628 852 :
1643 836 1701 841 —

285 881 723 934 150,16—18.habet
745 881 793 922 T.

282 961 376 1002 151,
393 963 429 1003 9.
454 948 821 1005 ἆντεστραμμένως]
847 948 1129 999 ἀντιστάμενος
1151 949 1248 1003 (sio)
1273 949 1318 988 T.

279 1015 446 1067 ἔπραττε
466 1017 672 1068 βραδύνων
694 1015 735 1071 ὁ]
761 1017 950 1068 ἔπραττεν
971 1018 991 1056 ὁ
1013 1016 1081 1066 T.'7

284 1094 374 1137 151,
397 1096 457 1131 10,
482 1083 687 1138 κατέλιπε]
713 1083 919 1123 κατέλειπε
939 1083 986 1123 T.

281 1160 373 1204 151,
396 1164 459 1191 ΙΙ.
483 1152 545 1191 ἐπὶ
565 1153 638 1202 μὲν
659 1154 703 1207 τῇ
724 1150 857 1206 μητρὶ]
883 1151 945 1191 ἐπὶ
965 1151 1078 1202 μητρὶ
1097 1152 1170 1201 μὲν
1191 1151 1238 1190 Τ.

280 1226 373 1270 151,
397 1216 726 1270 15—21.habet
748 1217 794 1258 T.

281 1292 372 1337 151,
394 1284 454 1324 18.
480 1284 530 1323 In
553 1284 600 1324 T.
623 1284 818 1336 μενέλαον
840 1287 893 1327 εἰς
914 1285 1030 1325 αὐτὸν
1052 1285 1251 1325 εἰώθασιν.

279 1361 374 1406 151,
399 1365 462 1407 19.
488 1352 672 1408 κωλύειν]
697 1353 915 1393 κωλύουσιν
936 1353 983 1393 Τ.

280 1429 372 1474 151,
390 1431 456 1461 20.
479 1420 523 1460 οὐ
543 1419 737 1475 τοιοῦτος]
760 1424 829 1461 τοῦ
848 1421 1022 1461 τοιούτου
1045 1421 1092 1460 Τ.

280 1501 372 1542 151,
394 1500 458 1529 22.
481 1488 733 1544 προσδοκήσῃ
755 1489 884 1530 etiam
905 1490 954 1530 T.

279 1568 374 1608 151,
394 1567 459 1609 23.
492 1555 533 1595 ἔκ
564 1555 981 1611 τινος-ποιήσουσιν]
1013 1555 1185 1611 Corrige
1217 1570 1269 1596 ex
1297 1557 1344 1597 T.
1379 1557 1526 1597 ἐκεῖνος
1547 1557 1743 1606 δηλονότι,

218 1622 351 1662 ὅντινα
380 1626 534 1674 πρῶτον
561 1622 864 1675 ἀποσφήλωσιν,
887 1623 1089 1664 τουτέστιν
1117 1625 1436 1676 ἀποκρουσθῆναι
1467 1623 1529 1664 καὶ
1560 1624 1743 1675 ἀποσφα-

217 1692 336 1740 λῆναι
367 1691 406 1730 αἱ
437 1690 579 1730 ἄελλαι
611 1690 925 1741 ποιήσωσινε-
956 1691 1092 1731 Porro
1129 1692 1175 1732 T.
1205 1692 1260 1732 ad
1294 1706 1331 1731 V.
1353 1704 1450 1746 319.
1486 1692 1528 1730 ἐκ
1567 1694 1668 1730 τῶνε
1701 1689 1748 1740 ἐξ

218 1758 378 1797 ἐκείνων
409 1761 485 1798 τῶν
512 1757 586 1797 ὑπὸ
619 1761 699 1799 τοῖς
731 1757 887 1809 ἀνέμοις
922 1757 1301 1810 διασκορπισθέντων
1332 1759 1401 1808 ἥτε
1433 1757 1611 1812 (corrige
1641 1757 1742 1809 ἤτοι)

217 1826 291 1865 ὑπὸ
312 1828 378 1875 τῆς
399 1827 515 1877 ὀργῆς
535 1829 602 1865 τοῦ
625 1829 716 1865 θεοῦ
733 1842 740 1866 ;
759 1850 812 1856 —

278 1906 326 1945 15
340 1907 372 1942 ι,
394 1905 459 1947 25.
500 1894 543 1933 ἐν
576 1893 676 1947 αὐτῷ
717 1893 768 1947 τῷ
812 1893 910 1948 ἔτει]
955 1893 1036 1933 Est
1077 1892 1302 1947 explicatio
1338 1891 1528 1933 vocabuli
1565 1892 1743 1934 αὐτόετες

217 1975 252 2000 v.
275 1973 370 2015 322.

278 2039 372 2084 151,
392 2041 456 2083 27.
480 2028 569 2085 οὗν]
591 2029 735 2070 Scribe
756 2033 854 2082 γοῦν
876 2043 925 2070 ex
948 2029 994 2069 T.

273 2097 504 2152 πεμπταῖοι]
529 2099 566 2138 οἱ
587 2098 634 2138 Τ.

279 2175 371 2219 152,
395 2178 429 2204 1.
464 2164 664 2220 αὐτόετες]
702 2165 788 2205 ἀντὶ
819 2167 888 2204 τοῦ
919 2165 1111 2211 αὐτόετος,
1148 2165 1169 2203 ὅ
1203 2165 1311 2204 ἐστιν
1342 2162 1387 2204 δι’
1426 2164 1521 2204 ὅλου
1549 2166 1616 2204 τοῦ
1649 2165 1740 2217 χρό-

217 2251 285 2275 νου
305 2250 382 2274 :—
397 2234 445 2274 T.

280 2311 370 2355 152,
390 2314 453 2343 12.
476 2301 724 2352 τρεπομένοις
744 2315 825 2341 om.
848 2301 895 2341 T.

278 2380 370 2422 152,
390 2382 452 2423 13.
475 2369 563 2411 τοὺς
583 2370 727 2421 λόγους
749 2367 1068 2419 ἐπιμελουμένοις
1087 2367 1134 2407 T.

277 2446 370 2489 152,
393 2449 455 2487 14.
491 2437 753 2489 διὸ-λόγους
778 2450 860 2476 om.
884 2437 931 2476 T.
986 2435 1104 2476 Idem
1134 2435 1188 2476 ad
1222 2434 1440 2487 κεράασθε;
1472 2437 1577 2487 παρὰ
1607 2434 1651 2475 τὸ
1683 2434 1740 2474 κέ-

215 2520 296 2554 ρας.
332 2505 368 2543 oi.
388 2505 463 2555 γὰρ
485 2505 641 2556 ἀρχαῖοι
662 2505 717 2546 εἷς
738 2503 881 2555 κέρατα
902 2503 1035 2543 ἔπινον
1051 2519 1118 2543 :—

277 2583 373 2623 153,
399 2582 466 2610 21.
491 2583 556 2621 24.
590 2570 661 2609 Ad
682 2585 718 2610 v.
741 2581 837 2624 335.
860 2575 903 2610 et
931 2570 1026 2624 336.
1050 2569 1092 2609 in
1114 2570 1161 2609 T.
1185 2570 1414 2621 διατρίβειν,
1439 2571 1628 2619 καθῆσθαι
1651 2571 1736 2622 (re-

215 2636 432 2678 ferendum
452 2637 507 2678 ad
528 2637 774 2687 θαασσέμεν)
796 2653 803 2676 ;
830 2660 874 2667 --
892 2637 963 2686 ἤδη
985 2639 1058 2689 γὰρ
1075 2636 1176 2689 φάος
1197 2638 1369 2689 οἵχεται;
1402 2638 1422 2677 ὁ
1443 2637 1551 2687 ἥλιος
1569 2636 1643 2676 ὑπὸ
1664 2638 1740 2687 γῆν

216 2706 465 2756 πεπόρευται.
500 2706 612 2744 εἴωθε
635 2706 675 2744 δὲ
698 2706 718 2743 ὁ
738 2703 898 2754 ποιητὴς
928 2706 982 2746 εἷς
1003 2704 1175 2745 ὠκεανὸν
1197 2704 1267 2754 τὴν
1289 2705 1401 2745 δύο-ιν
1424 2704 1485 2744 καὶ
1505 2705 1545 2753 ἐξ
1566 2703 1738 2744 ὠκεανοῦ

217 2771 288 2821 τὴν
309 2772 509 2822 ἀνατολήν
533 2770 672 2824 (deest
693 2770 865 2810 verbum
881 2771 909 2822 z)
928 2794 984 2800 —

280 2848 371 2893 153,
393 2851 458 2893 25.
482 2837 634 2893 διόπερ]
659 2838 717 2878 διὸ
740 2837 787 2878 Τ.
