1956 3239
752 130 1170 173 APPENDIX.
1643 131 1726 175 763

265 247 361 296 268,
384 259 449 286 10.
474 245 716 299 ἐξηγήσατο]
740 244 936 298 ἐξηγεῖται
958 246 1013 285 Τ.

262 315 368 358 ἱστὸς
389 316 421 355 δ’
443 315 588 368 ὀπίσω]
619 316 725 356 ἱστός
746 314 776 355 δ’
803 345 811 354 .
833 345 840 353 .
862 347 870 355 .
892 346 899 354 .
923 313 953 354 δ’
977 313 1103 354 ὀπίσω
1124 312 1172 353 Τ.
1199 326 1292 353 cum
1312 312 1475 354 lacuna.

262 384 316 425 εἰς
336 396 418 422 om.
441 382 490 422 T.
511 381 553 422 in
574 382 734 422 lacuna.

261 450 356 496 268,
378 461 441 489 12.
465 448 485 489 ὃ
507 463 588 489 om.
613 449 662 489 T.

262 516 356 565 268,
379 528 442 569 19.
465 517 577 566 ξύλα,
601 517 751 567 λίθους]
776 516 910 558 λίθους
931 516 1031 565 ξύλα
1053 515 1109 554 Τ.

261 594 356 636 271,
380 584 419 624 6.
443 583 475 624 θ’
497 582 768 635 7“>ν-”Αρκτος
790 597 872 623 om.
897 584 952 622 T.

261 661 355 701 271,
376 661 411 704 7.
434 651 634 702 πλινθίου]
659 651 825 691 πλίνθου
848 649 953 700 ΕΗΩ
1018 648 1068 688 In
1090 649 1272 689 πλινθίου
1294 647 1504 688 consentit
1536 647 1577 688 in
1609 647 1726 689 seho-

200 716 255 756 lio
277 716 399 757 simili
422 718 470 758 V.

260 797 354 839 271,
376 799 441 840 13.
463 786 628 840 τούτων]
648 786 666 825 ¹?

260 863 357 907 273,
378 864 417 893 2.
441 853 504 894 καὶ
526 853 570 893 τὸ
591 852 789 906 ὑπέλαβε]
820 853 881 893 καὶ
902 866 982 893 om.
1007 851 1165 903 Ε.Ω..Τ

261 932 357 974 273,
380 934 536 975 5—10.
567 921 610 961 rb
630 922 704 972 μὲν
725 922 794 961 οὗν
815 921 1019 971 ὑπέλαβεν
1040 919 1241 974 ἀριστερά]
1267 919 1310 959 τὸ
1331 921 1404 971 μὲν
1426 920 1496 960 οὖν
1517 922 1662 970 δηλοῦν
1682 922 1729 960 τὰ

200 991 370 1034 τοιαῦτα,
404 991 536 1028 εἵσατο
569 987 599 1028 δ’
630 989 679 1030 ὡς
709 989 774 1028 ὅτε
805 988 914 1039 ῥινὸν
947 989 990 1028 ἐν
1020 987 1206 1039 ἠεροειδέϊ
1237 988 1366 1041 πόντῳ
1398 987 1575 1038 ὑπέλαβε
1606 987 1648 1027 τὸ
1679 989 1728 1030 ὡς

198 1055 307 1106 ῥινὸν
329 1056 378 1097 ὡς
394 1055 514 1107 δέρμα
534 1055 715 1106 ὑπέλαβε
736 1058 783 1095 τὰ
800 1057 868 1107 ὅρη
886 1059 963 1095 τῶν
984 1054 1182 1095 Φαιάκων·
1218 1056 1262 1095 οὐ
1276 1054 1350 1107 γάρ
1368 1056 1477 1095 ἐστιν
1499 1056 1657 1106 ἐρινεός·
1680 1055 1729 1106 ἧν

199 1123 276 1174 γὰρ
297 1121 346 1162 ἂν
368 1123 417 1164 ὡς
438 1123 504 1163 ὅτε
523 1124 642 1175 ῥινός.
679 1123 740 1162 καὶ
761 1123 803 1162 τὸ
826 1125 979 1173 εἵσομαι
1001 1124 1085 1163 αἴκε
1115 1123 1263 1175 τύχωμι
1293 1121 1369 1162 ἀπὸ
1391 1124 1458 1162 τοῦ
1488 1124 1649 1171 εἷδῆσαι.
1684 1121 1728 1161 rb

201 1189 243 1228 δὲ
266 1188 473 1239 εἰσάμενος
497 1188 703 1241 Κάλχαντι
725 1188 843 1240 δέμας
865 1189 1060 1239 ὁμοιώσας
1091 1188 1152 1228 καὶ
1178 1187 1222 1227 rb
1252 1204 1319 1238 μιν
1342 1186 1560 1238 εἰσάμενος.
1594 1189 1727 1228 εἴσατο

198 1254 382 1306 ὑπέλαβε
403 1255 477 1295 ἀπὸ
498 1259 566 1295 τοῦ
598 1257 685 1296 ε’ίδω
708 1257 862 1306 εἵσομαι
884 1256 927 1295 αἵ
953 1271 995 1295 κε
1027 1255 1173 1307 τύχωμι
1205 1256 1338 1295 εἵσατο
1364 1255 1541 1305 ὡμοιώθη
1563 1254 1639 1294 ἀπὸ
1661 1257 1729 1294 τοῦ

201 1322 332 1364 ἐΐσκω.
366 1324 499 1364 εἵσατο
518 1323 716 1376 φθογγήν.
749 1325 883 1364 εἵσατο
902 1323 1089 1375 ἐπορεύθη
1108 1322 1184 1363 ἀπὸ
1200 1326 1268 1362 τοῦ
1285 1324 1342 1362 ἴω.
1378 1323 1511 1363 εἵσατο
1533 1324 1608 1374 ’γὰρ
1626 1326 1728 1373 νηῶν

201 1390 261 1430 ἐπ’
279 1390 465 1443 ἀριστερά
488 1391 542 1431 Τ.

260 1468 357 1511 273,
377 1459 414 1498 6.
438 1459 588 1510 τύχωμι
611 1459 666 1498 Τ.
707 1458 863 1511 τύχοιμι
883 1457 1045 1509 ΕΜΡΩ

260 1534 355 1579 273,
379 1537 442 1576 ¹4·
465 1525 535 1565 rbv
556 1539 636 1565 om.
661 1525 709 1576 Q.

260 1601 356 1644 273,
376 1603 442 1631 22.
474 1591 817 1644 μετεμελήθησαν]
852 1592 1225 1642 μετεβουλεύθησαν
1252 1589 1303 1630 Ρ.
1368 1591 1420 1630 In
1443 1591 1496 1630 T.
1520 1594 1585 1631 est
1606 1590 1726 1630 seho-

200 1658 284 1699 lion
306 1660 393 1700 ἇντὶ
414 1662 481 1699 τοῦ
501 1659 836 1711 μετεμελήθησαν.

261 1738 355 1780 273,
377 1737 444 1780 23.
467 1726 654 1780 ἠμέλουν]
677 1727 871 1776 ἠμίλλουν
893 1725 942 1777 Q.

261 1803 357 1846 273,
380 1804 444 1843 24.
467 1793 510 1832 rb
531 1794 654 1844 πέρας
674 1792 697 1843 ἢ
719 1807 800 1833 om.
824 1793 874 1832 E.

261 1870 355 1914 273,
374 1861 439 1900 26.
466 1858 582 1914 ἅδην]
607 1860 725 1911 ἅὸδηυ
742 1860 798 1900 Η.
823 1874 875 1900 ex
897 1874 979 1914 quo
1001 1860 1128 1901 verba
1150 1862 1299 1902 δασέως
1320 1860 1364 1900 τὸ
1386 1859 1504 1910 ἅὸδην
1521 1859 1733 1915 excerpsit

203 1928 430 1967 Porsonus.
465 1928 561 1978 ἄδην
584 1927 726 1968 ceteri.

262 2005 355 2049 273,
381 2006 447 2047 27.
471 1995 608 2049 σχεῖν]
633 1995 740 2048 ἔχειν
762 1994 865 2046 B.Q.

261 2076 358 2116 274,
380 2077 419 2118 5.
443 2063 618 2118 ἐγένετο]
648 2065 799 2117 ἐγίνετο
823 2065 877 2104 Τ.

261 2131 346 2172 εἶπε
367 2133 409 2171 δὲ
431 2132 484 2186 6.]
508 2131 617 2172 εἶπεν
638 2133 677 2171 δὲ
702 2133 735 2172 ὁ.
760 2132 815 2171 Τ.
859 2131 968 2171 εἶπεν
990 2132 1023 2171 ὀ.
1047 2130 1105 2171 H.

262 2210 358 2253 274,
378 2202 416 2240 6.
440 2200 593 2254 ὀρώρει]
616 2199 647 2240 δ’
670 2199 790 2240 addit
813 2201 869 2239 T.

263 2277 361 2320 274,
381 2280 418 2321 9.
442 2262 642 2321 νεφελῶν]
673 2267 808 2307 Immo
829 2269 907 2306 τῶν
929 2270 1123 2318 νεφελῶν.

263 2344 358 2385 274,
382 2334 444 2374 16.
467 2333 722 2386 αἱθρηγενεής
744 2333 890 2388 scripsi
911 2347 987 2387 pro
1009 2332 1275 2385 αἰθρηγενέης.

263 2411 358 2454 274,
379 2413 444 2441 20.
466 2401 663 2441 Alterum
682 2401 798 2453 ὑγρὸς
820 2400 886 2451 ὢν,
902 2400 1015 2454 quod
1036 2400 1198 2452 seclusi,
1221 2401 1335 2442 haud
1352 2400 1477 2442 dubie
1494 2416 1544 2442 ex
1561 2405 1728 2442 antece-

204 2467 400 2508 dentibus
421 2467 660 2522 repetitum.

263 2544 358 2588 275,
380 2548 416 2574 1.
449 2534 499 2574 In
522 2536 577 2574 T.
599 2534 764 2575 brevius
795 2534 994 2585 scholion,
1021 2534 1187 2587 ζέφυρος
1210 2537 1230 2575 ὁ
1253 2536 1330 2576 ἀπὸ
1359 2536 1555 2586 ἀνατολῆς
1584 2535 1726 2576 πνέων.

204 2604 248 2641 et
267 2600 293 2640 l.
318 2600 354 2640 8.
377 2600 431 2640 ad
453 2615 490 2640 V.
515 2613 608 2655 299.
631 2600 826 2651 μήκισταε
859 2600 898 2639 τί
915 2604 1047 2650 μεῖζον
1069 2601 1181 2641 ἔσται
1202 2604 1328 2648 τοῦτο,
1351 2602 1435 2641 οῖον
1457 2602 1520 2641 ἐπὶ
1541 2604 1609 2641 τοῦ
1635 2617 1728 2652 προ-

206 2669 323 2720 κόψει
343 2669 391 2707 τὰ
414 2667 605 2715 κακάς-

264 2745 359 2788 275,
378 2736 416 2774 6.
439 2733 635 2787 τουτέστι]
660 2734 743 2785 ἤτοι
765 2735 813 2786 Q.

266 2812 360 2855 275,
380 2815 419 2854 9.
440 2803 599 2852 μείζονα
620 2801 732 2855 κακά]
757 2803 853 2841 κακὰ
872 2802 1031 2851 μείζονα
1052 2802 1101 2854 Q.

265 2878 359 2921 275‚
384 2881 442 2908 10.
462 2867 654 2921 μήχιστα]
683 2868 857 2918 μάλιστα
880 2868 929 2919 Q.

266 2944 442 2988 275,21.
467 2935 529 2976 καὶ
550 2949 630 2974 om.
655 2935 759 2986 RQ.
