1956 3239
752 105 1167 148 APPENDIX.
1644 106 1725 145 745

267 233 357 273 124,
377 221 441 260 18.
463 219 717 272 ἀνατραφείς]
740 219 900 270 τραφείς
921 217 967 257 T.

263 290 374 340 κατὰ]
401 287 544 328 Scribe
565 289 669 337 παρὰ
691 300 740 326 ex
763 286 811 325 Τ.

267 369 357 405 124,
383 368 447 406 24.
472 353 571 409 τοῖς]
596 355 639 394 ἐν
660 358 740 395 τοῖς
763 353 808 392 Τ.

266 436 357 474 124,
383 425 446 465 26.
468 424 739 473 μεταλλῆσαι;
777 421 1005 471 ἐπιζητῆσαι
1021 435 1087 459 2—
1111 418 1162 460 T.

265 502 357 546 125,
380 492 444 531 18.
467 491 535 531 οὐκ
563 487 854 539 ἄδοξον-ἀλλ’
874 488 1034 537 ἔνδοξον
1055 487 1184 527 habet
1206 485 1269 534 T„
1293 486 1419 525 verbo
1447 485 1491 525 τὸ
1520 484 1726 534 λῃστεύειν

203 563 300 612 post
320 562 400 600 τοῖς
420 561 603 599 παλαιοῖς
622 557 774 611 posito.

266 627 358 673 126,
382 639 412 665 1.
438 627 500 665 διὰ
522 624 565 664 τὸ
586 641 622 664 τι
644 638 724 664 om.
746 623 793 663 T.

265 695 357 741 126,
383 705 420 732 2.
443 692 534 745 γάρ]
563 691 637 744 γάρ
660 693 769 731 ἐστιν
786 691 832 730 Τ.

267 762 359 807 126,
384 771 420 813 7.
446 760 506 800 καὶ
528 762 582 802 εἰς
604 759 718 809 τήνδε
739 773 820 799 om.
838 758 888 798 T.

265 829 358 875 126,
381 841 445 869 10.
469 827 547 880 καὶ]
578 825 721 867 Scribe
744 826 794 867 ὡς
816 826 879 865 καὶ
900 839 950 865 ex
971 825 1019 864 T.

266 897 360 944 126,
383 908 446 949 13.
471 893 645 934 Brevius
666 892 708 933 in
726 892 773 932 T.
815 894 949 945 ψυχὰς
969 891 1227 944 παρθέμενοι;
1260 890 1545 943 ἀφειδήσαντες
1568 891 1726 938 ἑαυτῶν,

205 962 537 1015 παραβάλλοντες
553 978 622 1001 z—
643 961 688 1000 T.
708 960 813 1014 (fere
834 964 882 1000 ut
904 960 993 1010 H.).
1046 959 1165 999 Idem
1183 959 1468 998 ἀλλοδαποῖο-ιε
1504 960 1583 998 τοῖς
1605 957 1726 996 ἀλλο-

206 1031 349 1082 φύλοις
372 1029 580 1080 ξένοιςῑ-

270 1099 360 1146 126,
383 1098 446 1137 16.
470 1095 666 1146 Ἑλλάδα]
695 1094 840 1135 Scribe
862 1092 1126 1143 τὴνἙλλάδα
1148 1106 1198 1132 ex
1219 1091 1266 1131 T.

263 1168 359 1216 πρὸς
378 1164 448 1213 τὴν
469 1163 617 1216 φράσιν
638 1176 720 1202 om.
739 1162 786 1201 T.

269 1234 361 1280 126,
386 1243 450 1271 21.
475 1230 562 1282 ὄρος
583 1244 664 1270 om.
684 1229 732 1269 Τ.

269 1312 360 1351 127,
382 1310 422 1353 5.
444 1298 514 1338 Ad
532 1313 567 1338 v.
585 1298 650 1347 84.
675 1298 721 1338 ὅν
737 1297 834 1337 ποτέ
854 1303 979 1349 φασιε
1008 1297 1182 1347 οἴδαμεν.
1216 1296 1259 1335 οὐ
1276 1296 1350 1347 γὰρ
1367 1298 1436 1335 νῦν
1453 1294 1538 1334 ἀντὶ
1554 1296 1622 1333 τοῦ
1641 1294 1731 1345 ἐρω-

206 1369 332 1416 τῶμεν
348 1382 419 1405 :——
440 1365 486 1405 T.

270 1444 361 1484 127,
385 1433 425 1472 6.
453 1432 527 1473 σὺν
552 1433 615 1472 σοὶ
642 1431 909 1484 μαρνάμενος;
944 1430 1169 1482 θεραπεύων
1283 1429 1468 1482 (lacuna)
1493 1428 1731 1478 ὐπασπστὴν

208 1502 482 1542 ἀναδείκνυσιν
503 1501 619 1541 αὐτοῦ
639 1500 708 1540 τὸν
729 1499 1047 1552 πατέρα-λέγει
1067 1498 1319 1549 ὑπασπιστήν
1333 1514 1405 1538 :—
1425 1497 1474 1537 T.

270 1569 363 1619 128,
386 1582 448 1623 19.
471 1586 533 1621 γρ.
551 1569 696 1622 ἄλγεα]
726 1568 896 1608 Fictum
919 1582 970 1607 ex
992 1583 1029 1607 v.
1052 1580 1145 1607 220.
1168 1566 1240 1606 ubi
1260 1574 1443 1607 metrum
1464 1579 1547 1605 non
1568 1565 1731 1605 ferebat

210 1636 322 1691 quod
342 1636 408 1676 hic
429 1636 571 1690 posuit,
590 1641 718 1690 poeta
737 1635 904 1686 πήματα.

273 1716 363 1757 129,
389 1716 428 1755 7.
451 1704 623 1755 ἀνδρεῖοι
643 1702 764 1743 addit
785 1702 831 1742 T.

271 1784 364 1826 130,
388 1782 563 1826 15—19.
585 1771 715 1811 habet
735 1771 782 1810 T.

273 1850 364 1892 130,
384 1852 446 1892 19.
470 1839 664 1889 ἐπιποθεῖ]
689 1837 808 1878 αὐτὸν
829 1839 1008 1878 ἐπιποθεῖ
1026 1837 1075 1876 Τ.

271 1918 364 1960 130,
391 1918 455 1947 22.
479 1906 705 1959 νεανίσκου]
733 1905 823 1945 νέου
844 1905 890 1944 Τ.

272 1986 364 2027 130,
390 1985 454 2024 24.
477 1973 667 2025 γενναίως
688 1973 753 2025 φ.]
779 1978 823 2024 φ.
843 1973 1032 2024 γενναίως
1053 1971 1099 2011 T.

274 2053 366 2094 131,
390 2053 428 2094 3.
451 2041 646 2082 τινὲς-εἷ
669 2038 753 2093 ἐπὶ]
776 2040 879 2081 τινὲς
900 2039 969 2079 οῧν
991 2040 1024 2079 εἰ
1046 2038 1108 2078 ἐπὶ
1128 2037 1174 2077 T.

274 2120 366 2162 131,
386 2121 426 2158 4.
458 2106 633 2161 ἐρωτῴης
662 2106 1133 2158 ὑπὲρ-ἇνιαθείης-εἰς
1163 2103 1555 2159 τὴν-παραμένοις]
1590 2106 1733 2158 ἐρωτᾷς

211 2175 677 2227 περὶ-ἆνιηθεὶς--ὑπὲρ
697 2173 1066 2225 τὴν-παραμένειν
1079 2172 1125 2212 Τ.

273 2256 366 2298 131,
389 2244 426 2282 6.
451 2241 662 2296 οὐ-ἆλλ’]
685 2242 729 2281 οὗ
758 2244 866 2281 δοκεῖ
883 2241 1065 2290 τοιαύτην
1092 2239 1193 2280 εἶναι
1219 2239 1411 2279 ὑπόθεσιν
1437 2240 1499 2279 καὶ
1527 2240 1731 2285 ἀπόδοσιν,

213 2312 303 2351 ἀλλ’
321 2310 368 2350 Τ.

272 2391 365 2431 131,
391 2377 427 2417 8.
454 2378 518 2417 ἐπὶ
537 2377 652 2417 πέντε
675 2377 758 2431 ἔτη]
788 2377 850 2417 ἐπὶ
871 2382 914 2417 et
936 2377 1001 2426 ἔτη
1023 2390 1103 2416 0111.
1122 2375 1170 2416 T.

274 2457 367 2498 131,
391 2458 428 2497 9.
450 2443 644 2496 πάθομεν]
672 2444 752 2485 υἷες
767 2442 940 2496 Ἀχαιῶν
959 2442 1079 2483 addit
1100 2443 1148 2483 Τ.

277 2524 367 2564 131,
390 2523 453 2550 10.
476 2510 564 2560 πρίν
587 2526 653 2549 κεν
675 2508 865 2563 ἀνιαθεὶς]
889 2510 978 2561 πρὶν
998 2510 1168 2560 ἀνιηθεὶς
1188 2510 1235 2549 Τ.

277 2590 369 2631 131,
390 2589 455 2617 12.
479 2577 592 2626 ὁμοία
611 2576 634 2626 ἡ
657 2575 1012 2627 φράσις-ἔπεισιν
1033 2575 1163 2617 habet
1183 2576 1229 2616 T.

276 2657 369 2698 131,
395 2656 458 2697 23.
483 2642 568 2682 ἀντὶ
588 2646 655 2682 τοῦ
677 2656 757 2682 om.
775 2642 824 2682 T.

278 2724 371 2765 131,
395 2723 462 2761 24.
485 2709 625 2764 θυμὸν]
649 2709 809 2762 ἔχοντες
830 2708 950 2750 addit
971 2709 1018 2749 T.
1042 2709 1195 2750 omisso
1218 2711 1280 2751 καὶ
1301 2713 1349 2751 τὰ
1370 2712 1469 2760 ἑξῆς.

277 2791 372 2831 131,
397 2790 461 2829 27.
485 2778 505 2817 ὁ
527 2790 608 2817 om.
625 2776 673 2816 T.

278 2858 370 2899 131,
394 2845 461 2887 28.
489 2843 616 2884 πάντα
644 2845 773 2895 ἀγαθὰ
793 2846 873 2885 τοῖς
896 2844 1062 2893 ἕλλησιν
1084 2845 1250 2895 ἐγίνετο,
1273 2845 1315 2883 ἐκ
1345 2845 1386 2883 δὲ
1414 2842 1609 2895 διχονοίας
1637 2842 1732 2881 ἀπο-

217 2912 336 2952 λέσαι
356 2911 399 2951 τὸ
422 2911 642 2962 στράτευμα
656 2925 723 2949 :—
744 2910 789 2950 Τ.
