1956 3239
352 111 436 155 '760
897 117 1322 160 APPENDIX.

412 236 505 280 235,
529 241 591 282 13.
617 229 718 285 ἐπεὶ]
741 231 826 273 ἐπεὶ
848 233 888 273 δὲ
912 233 966 274 Τ.

411 304 504 348 237,
526 309 567 350 5.
591 299 846 355 πηνελόπων]
869 301 1143 351 πηνελοπείων
1165 300 1214 352 Q.

411 373 429 398 2
435 374 505 415 37,
530 376 566 414 7.
599 365 651 404 In
684 365 734 405 B.
757 367 942 407 scholion
967 367 1147 417 brevius,
1170 370 1215 423 τῇ
1239 368 1400 420 θυγατρὶ
1423 369 1491 407 τοῦ
1510 366 1692 420 Ἰκαρίου,
1714 367 1799 418 ἤτοι
1829 370 1876 422 τῇ

348 428 504 481 ἀδελφῇ
527 434 592 482 τῆς
613 435 861 483 Πηνελόπης.

407 497 502 549 238,
527 511 588 551 14.
623 499 817 540 Scholion
846 501 972 542 breve
999 502 1055 543 ad
1081 502 1191 542 hunc
1213 516 1379 542 versum
1402 501 1498 556 809.
1518 502 1649 542 habet
1671 502 1726 542 Τ.
1751 502 1874 542 κνώσ-

347 563 485 604 cova-'z
521 566 750 617 κοιμωμένη.
783 569 950 609 κνώσσω
972 570 1123 621 γίνεται
1144 571 1249 621 παρὰ
1264 569 1308 609 τὸ
1332 569 1466 612 κενοὺς
1489 570 1643 621 (κενοὺς
1664 583 1748 609 non
1769 568 1875 610 satis

345 631 458 672 clare
489 633 693 686 seriptum
723 634 766 673 in
797 635 953 686 codice,
977 636 1047 690 qui
1081 640 1180 676 κϋσ.
1202 668 1210 677 .
1232 669 1240 677 .
1272 636 1415 690 potius
1444 636 1600 677 habere
1620 636 1798 686 videtur,
1822 651 1875 677 ex

347 698 489 753 Etym.
515 700 576 740 M.
600 716 639 755 p.
654 713 754 755 522,
770 714 838 753 42.
861 703 1000 757 posui)
1025 704 1113 746 τοὺς
1133 705 1232 746 ὅπας
1254 704 1363 757 ἔχειν
1382 705 1493 744 ε-ἐν
1515 705 1728 756 ὀνειρείῃσι
1748 705 1873 760 πύλῃ-

347 785 412 809 σιν
430 785 437 809 :
471 771 514 809 ἐν
535 772 585 824 τῷ
607 770 726 821 βάθει
747 775 815 811 τοῦ
835 773 982 813 ὕπνου;
1002 796 1056 802 -

406 838 503 890 238,
524 849 589 892 29.
612 837 701 893 τήν]
725 838 795 889 τὴν
817 838 846 879 δ’
866 840 1190 891 ἀπαμειβόμενον
1213 840 1266 880 Τ.
1316 838 1367 879 In
1390 839 1440 880 B.
1463 839 1534 890 τὴν
1556 843 1754 892 φανεῖσαν
1775 840 1875 893 ὄψιν

346 904 366 943 ὁ
389 906 521 956 λόγος,
546 906 590 946 οὐ
615 905 706 958 (Sic)
732 908 909 946 εἴδωλον.

406 984 499 1025 239,
520 972 557 1013 8.
578 973 667 1025 περὶ
690 974 840 1015 ἐκείνου
862 976 920 1015 Τ.
952 977 1001 1015 τὰ
1022 977 1109 1028 περὶ
1131 976 1283 1016 ἐκεῖνον
1305 974 1356 1015 Ρ.

404 1051 499 1091 242.
516 1054 554 1094 3.
579 1040 651 1081 Ad
671 1056 708 1082 v.
728 1054 767 1096 3.
792 1045 942 1082 θῶκον;
975 1042 1181 1094 συνέδριον
1197 1058 1205 1083 :
1224 1065 1275 1071 —-
1294 1043 1349 1081 T.

406 1118 500 1159 243,
522 1119 558 1148 2.
581 1112 694 1148 τοῦτο
716 1113 813 1163 post
836 1109 1023 1161 ἐρωτήσει
1045 1108 1095 1150 Ε.
1733 1150 1735 1152 .

405 1187 500 1228 243,
522 1189 561 1225 4.
596 1174 702 1215 Post
722 1175 945 1230 Τηλεμάχῳ
976 1175 1018 1215 in
1048 1177 1103 1216 T.
1129 1175 1319 1230 sequitur
1345 1175 1544 1226 scholion,
1568 1175 1665 1216 ὅπου
1687 1174 1805 1216 αὐτὸν
1825 1177 1873 1231 τῇ

346 1241 495 1296 ἀνάγκῃ
518 1241 685 1295 κατέχει.

404 1320 500 1363 243,
521 1310 556 1349 8.
582 1309 631 1349 In
655 1311 708 1349 T.
733 1315 993 1353 παλινπεταῖς
1019 1310 1106 1364 (sic)
1133 1311 1219 1351 ἀντὶ
1240 1315 1308 1351 τοῦ
1330 1314 1597 1352 παλινπετεΐς.

403 1390 498 1430 243,
520 1389 584 1419 12.
605 1377 962 1434 Ἰλιάδι-χρῆται]
986 1382 1033 1434 τῇ
1056 1379 1407 1432 ἰλιάδι--χρῆσθαι
1428 1379 1484 1418 T.
1752 1406 1769 1418 0

404 1458 499 1499 243,
522 1457 587 1485 22.
627 1446 679 1485 In
713 1447 767 1486 T.
806 1445 1092 1499 ἆπαρέμφατον
1127 1447 1215 1487 ἀντὶ
1249 1449 1317 1487 τοῦ
1351 1449 1648 1498 προστακτικοῦ.
1683 1446 1769 1486 ἀντὶ
1803 1448 1873 1486 τοῦ

344 1513 453 1553 εἶπεν
475 1512 579 1565 (sic).

403 1593 499 1634 243,
521 1594 585 1630 24.
619 1581 691 1620 Ad
711 1596 748 1621 v.
764 1594 832 1635 33.
856 1580 945 1621 ἀλλ’
969 1580 1027 1634 ὅγ’
1052 1582 1113 1622 ἐπὶ
1134 1583 1318 1635 σχεδίηςε
1353 1581 1466 1634 λέγει
1491 1584 1558 1633 τῆς
1586 1582 1694 1623 νεώς.
1729 1582 1872 1634 σχεδία

343 1648 537 1698 πηδάλιον
559 1648 627 1688 οὐκ
650 1649 734 1702 ἔχει
753 1665 761 1689 :
777 1672 828 1678 --
849 1650 904 1689 T.

401 1715 651 1766 πολυδέσμου
669 1732 676 1755 ;
709 1717 983 1768 πολυγόμφου.
1016 1713 1150 1768 ὥσπερ
1171 1718 1247 1768 γὰρ
1268 1716 1312 1756 τὸ
1335 1716 1519 1767 ἀμφαδὸν
1541 1715 1719 1768 ἀμφαδὸς
1741 1716 1872 1768 ἀμφα-

344 1784 420 1829 ὃία,
444 1784 540 1823 οὕτω
571 1785 675 1835 παρὰ
696 1783 739 1823 τὸ
763 1783 911 1836 σχεδὸν
933 1783 1077 1836 σχεδός
1105 1784 1226 1836 λόγος
1254 1785 1274 1823 ὁ
1301 1784 1353 1834 μὴ
1380 1783 1589 1834 ἀναβολὴν
1620 1783 1724 1836 ἔχων
1752 1799 1868 1823 κατα-

344 1853 496 1900 σκευῆς,
521 1849 612 1890 ἀλλ’
637 1852 678 1890 ἐκ
700 1854 767 1890 τοῦ
791 1851 984 1903 σύνεγγυς
1004 1851 1230 1902 γενόμενος,
1256 1851 1317 1891 καὶ
1340 1852 1482 1904 σχεδία
1504 1852 1759 1893 votvm—T.

404 1930 499 1972 243,
519 1920 585 1959 26.
609 1918 759 1970 ὥσπερ]
787 1919 835 1959 ὡς
858 1917 960 1969 ΕΗῼ

404 1999 500 2040 243,
517 1987 580 2026 28.
605 1986 840 2039 λεγόμενος]
866 1988 1080 2038 γενόμενος
1102 1987 1158 2026 Τ.

403 2066 499 2106 244,
518 2066 584 2093 10.
608 2053 963 2105 ἐπεισρευσάντων]
990 2053 1308 2106 ἐπισρευσάντων
1330 2053 1382 2093 Ε.

405 2134 500 2172 244,
520 2134 585 2171 24.
608 2120 1043 2175 Τροίης-διαιρετέον]
1069 2121 1169 2161 Vid.
1192 2126 1337 2162 annot.
1361 2121 1415 2162 ad
1436 2136 1476 2175 p.
1493 2131 1592 2174 517,
1608 2123 1647 2161 6.

404 2198 497 2241 245,
522 2200 585 2241 15.
608 2187 652 2226 οὐ
675 2186 891 2241 συνορῶσι]
916 2187 981 2229 οὓς
1004 2190 1074 2227 νῦν
1095 2188 1216 2238 ὁρῶσι
1237 2188 1292 2227 Τ.

401 2270 488 2293 τινα
510 2267 590 2293 om.
615 2253 718 2304 QsF.

403 2322 488 2359 ἐστι
511 2320 625 2373 θεῶν]
649 2320 750 2360 εἰσὶν
772 2324 887 2360 τινῶν
909 2323 1008 2360 θεῶν
1031 2321 1086 2360 T.

400 2386 466 2440 ὡς]
491 2387 550 2426 καὶ
573 2387 622 2438 Q.

402 2467 496 2508 245,
523 2468 582 2506 19.
603 2453 746 2508 ζΕρμῇ]
770 2455 927 2505 ἑρμείαν
950 2456 1005 2494 T.

403 2523 501 2573 246,
523 2534 563 2575 5.
598 2523 803 2572 δαιμονίως
835 2523 876 2561 δὲ
914 2523 991 2573 ἐπὶ]
1024 2524 1229 2573 δαιμονίως
1257 2522 1485 2577 ἆντιτέταχε
1519 2524 1580 2564 ἐπὶ
1612 2525 1682 2574 Τ.,
1713 2523 1868 2564 omisso

342 2604 440 2629 mox
462 2590 574 2640 φησί.
637 2587 829 2628 Priorem
857 2589 1004 2629 scholii
1035 2594 1200 2643 partem
1223 2589 1762 2643 ἀναγκαῖον-διασταλτέον
1783 2606 1867 2631 non

341 2655 471 2696 habet
501 2656 554 2694 T.
618 2655 735 2694 Idem
767 2660 863 2709 post
897 2658 1084 2706 ἐμπεσεῖν
1113 2657 1267 2712 pergit,
1301 2659 1432 2708 ὅμοιος
1458 2659 1499 2697 δὲ
1527 2658 1635 2712 λάρῳ
1669 2659 1766 2697 κατὰ
1797 2657 1867 2708 τὴν

340 2722 508 2774 μορφήν.
541 2722 648 2776 λάρῳ
671 2724 795 2773 ὄρνιθι
818 2724 973 2765 ἐοικώςε
1008 2727 1104 2764 κατὰ
1125 2724 1194 2775 τὴν
1215 2725 1371 2777 μορφήν
1387 2741 1394 2765 :
1410 2750 1466 2756 —

402 2791 497 2841 246,
519 2790 556 2829 8.
581 2789 625 2828 οὐ
647 2790 811 2831 δεόντως
832 2795 930 2843 post
951 2792 1092 2844 στίχον
1115 2792 1165 2843 Q

402 2868 498 2908 247,
516 2857 554 2896 6.
576 2858 624 2896 τὰ
645 2855 748 2909 περὶ]
770 2857 840 2905 τὴν
861 2859 966 2908 παρὰ
989 2857 1037 2908 Q.

402 2935 495 2976 247,
515 2937 578 2974 14.
602 2924 650 2965 ὡς
672 2922 812 2964 addidi
836 2938 885 2964 ex
909 2925 962 2963 T.
