1956 3239
331 95 415 137 734
884 91 1303 133 APPENDIX.

393 219 428 254 2,
454 221 578 261 9.10.
617 206 724 247 Haeo
757 206 896 261 paullo
929 206 1051 247 aliter
1086 205 1294 259 expressit
1328 202 1581 244 Eustathius
1614 201 1699 242 suis
1729 200 1859 255 ipsius

334 273 471 315 verbis
492 288 603 315 usus.

394 355 432 390 2,
460 355 523 393 14.
546 340 789 392 ὁμιλία.-“Ο
812 340 906 394 ὑπὸ]
933 341 1065 391 ὁμιλία
1088 341 1149 380 καὶ
1169 340 1245 379 ὑπὸ
1269 338 1537 380 Eustathius.

394 422 429 457 2,
458 411 519 449 16.
544 423 624 449 0111.
648 407 915 448 Eustathius.

394 490 433 525 2,
462 477 524 517 Ι8.
550 476 691 517 Solum
712 477 1036 526 μνηστηροφονία
1057 474 1187 515 habet
1209 474 1411 515 Eustath.

394 557 430 593 2,
457 557 521 584 20.
560 542 838 583 Eustathius:
865 541 959 583 ‘'O-n
990 545 1055 592 τῆς
1089 543 1317 584 τελευταίας
1345 542 1481 591 ταύτης
1508 540 1710 594 ῥαψῳδίας
1743 542 1861 590 διπλῆ

336 610 545 663 ἐπιγραφή·
579 611 753 650 Σπονδαὶ
775 612 850 661 γὰρ
871 608 893 659 ἢ
918 609 1065 649 Νεκυία
1095 609 1354 661 ἐπιγράφεται
1384 610 1488 660 παρὰ
1513 612 1592 650 τοῖς
1613 610 1797 648 παλαιοῖς
1818 611 1862 647 et

335 692 427 732 quae
456 682 553 718 sunt
575 676 749 730 reliqua,
772 677 813 716 in
837 675 987 730 quibus
1009 675 1060 716 de
1091 675 1302 729 scriptura
1323 675 1501 714 nominis
1524 674 1672 714 Νεκυία
1693 673 1757 714 vel
1784 677 1863 713 Νε-

336 746 405 786 κύα
428 745 529 800 agit,
554 759 646 800 quae
669 744 941 799 apposuimus
963 759 1002 798 p.
1023 754 1117 795 724.
1168 743 1303 784 Recta
1325 742 1536 796 scriptura
1559 742 1707 782 Νέκυια
1729 745 1805 781 est.

395 826 430 862 2,
455 825 635 864 22—24.
659 813 803 854 Habet
826 812 875 852 T.

393 893 431 928 2,
457 893 522 934 23.
544 879 629 935 ἤϊα]
654 881 793 933 ἐφόδια
813 879 868 934 gl.
893 879 941 919 T.

393 959 430 996 2,
455 960 519 999 24.
544 949 634 1001 θεὰ]
661 950 732 988 θεὰ
754 947 784 987 δ’
809 947 856 986 Τ.
879 951 927 988 ut
948 946 1153 987 editiones
1175 950 1350 987 veteres.

394 1026 434 1063 2,
457 1027 523 1068 25.
547 1016 794 1068 λοχώμενος]
820 1015 1062 1068 λοχούμενος
1084 1014 1131 1053 Τ.

394 1095 430 1130 2,
457 1093 521 1133 27.
557 1087 600 1123 et
629 1096 670 1136 3,
699 1083 848 1122 1—18.
882 1082 1012 1122 habet
1043 1082 1176 1121 codex
1199 1081 1541 1122 vindobonensis
1571 1095 1678 1135 133.⁷
1702 1080 1864 1122 omittit

333 1149 621 1202 praecedentes
644 1149 874 1202 ἐπιγραφάς.
939 1149 1049 1190 Nam
1070 1150 1203 1189 codex
1230 1150 1284 1190 ab
1306 1149 1427 1190 initio
1448 1149 1620 1190 mutilus
1642 1153 1718 1199 est,
1740 1149 1862 1190 amis-

334 1216 390 1256 sis
412 1216 522 1257 foliis
548 1218 699 1257 1—88.
753 1216 918 1257 Folium
942 1218 1007 1270 89.
1030 1216 1178 1271 incipit
1199 1217 1253 1257 ab
1278 1221 1322 1266 Ε,
1345 1229 1413 1271 45.

391 1296 431 1337 3,
455 1298 494 1338 3.
526 1284 637 1324 Ἰὣτα
668 1286 716 1324 τὰ
737 1284 994 1336 Λωτοφάγων
1016 1287 1197 1324 Κικόνων
1224 1284 1297 1325 σὺν
1320 1284 1512 1337 Κύκλωψ’
1537 1286 1645 1325 ἐστίν
1666 1285 1794 1325 Vind.
1819 1289 1862 1325 et

334 1350 541 1391 editiones
561 1356 735 1392 veteres.
791 1351 986 1392 Correxit
1007 1351 1249 1392 Bai-nesius.

391 1431 430 1472 3,
453 1431 493 1469 4.
529 1419 675 1459 Κάππα
706 1418 736 1459 δ’
761 1417 818 1471 ἔχ’
842 1420 988 1459 Αἰόλου
1011 1420 1317 1471 Λαιστρυγόνων
1345 1419 1406 1459 καὶ
1435 1418 1578 1471 Κίρκης
1610 1419 1706 1472 ἔργα
1736 1419 1860 1460 Vind.

333 1490 382 1526 ut
403 1491 503 1526 ante
527 1486 788 1526 Barnesium.

391 1567 432 1608 3,
454 1565 493 1606 5.
517 1553 998 1607 Λάμβδα-ἐνετύγχαν’]
1024 1554 1406 1607 λάβδα-ἐνέτυχεν
1422 1553 1548 1594 Vind.
1573 1559 1620 1595 ut
1637 1559 1737 1596 ante
1759 1554 1862 1596 Bar-

335 1620 510 1661 nesium.

391 1701 429 1741 3,
456 1689 492 1728 6.
533 1691 749 1741 Πλαγκτὰς
781 1692 879 1739 βοῦς
912 1687 942 1728 τ’
971 1689 1165 1743 Ἠελίοιο]
1200 1689 1404 1741 πλαγκτάς
1434 1689 1464 1729 τ’
1497 1691 1553 1729 ἰδὲ
1582 1693 1680 1741 βοῦς
1712 1691 1861 1731 ἀελίοιο

336 1755 468 1796 Vind.
490 1761 538 1797 ut
558 1761 659 1797 ante
681 1756 942 1797 Barnesium.

392 1838 432 1878 3,
459 1825 497 1865 8.
529 1824 724 1878 Ὀδυσῆα]
760 1827 936 1875 ὀδυσσῆα
965 1829 1065 1865 ante
1087 1824 1350 1865 Barnesium.
1414 1825 1464 1864 In
1489 1825 1616 1866 Vind.
1639 1831 1679 1876 ξῖ
1697 1828 1862 1877 ὀδυσῆος

334 1891 497 1941 ξένισεν.

391 1973 428 2013 3,
453 1974 491 2014 9.
518 1959 638 2010 ἐπέβη
662 1959 790 1999 Vind.
823 1959 947 2010 ἐπέβη
971 1960 1002 2000 δ’
1023 1964 1124 2000 ante
1146 1959 1408 2001 Barnesiuln.

392 2032 440 2066 A.
464 2028 504 2077 ἐξ
524 2026 773 2081 Ὀδυσείδης]
798 2027 1025 2067 Barnesius
1048 2042 1123 2081 pro
1145 2027 1375 2079 Ὀδυσείὸης
1398 2030 1439 2069 ἐκ
1460 2030 1764 2080 Λακεδαίμονος.

391 2107 431 2149 3,
458 2108 523 2134 10.
548 2094 693 2146 πατέρα
714 2096 759 2135 ὅν
781 2094 1008 2134 Barnesius
1030 2110 1106 2149 pro
1128 2094 1257 2147 πατέρ’
1282 2097 1358 2136 ἑόν.

392 2173 432 2213 3,
461 2172 522 2199 12.
551 2160 662 2212 Σῖγμ’
686 2160 913 2200 Barnesius
934 2175 1011 2214 pro
1033 2165 1163 2213 Σῖγμα
1184 2160 1228 2202 δ’.

390 2225 609 2269 Ὀδυσσεῦς
629 2227 856 2267 Barnesius
877 2242 953 2280 pro
974 2227 1196 2277 Ὀδυσσῆος
1220 2229 1437 2280 (ὀδυσσέως
1463 2229 1612 2281 Vind.)

392 2292 443 2346 τ’]
473 2292 503 2332 δ’
527 2293 653 2332 Vind.

390 2373 430 2414 3,
460 2374 521 2412 14.
554 2359 754 2400 Ὀδυσσέα
786 2361 1010 2401 Barnesius
1041 2376 1118 2415 pro
1149 2362 1337 2413 Ὀδυσῆα.
1403 2363 1546 2418 Longe
1576 2364 1700 2405 aliter
1731 2364 1858 2405 Vind.

332 2420 372 2468 'f
389 2429 430 2467 δὲ
454 2429 714 2478 θεοκλύμενος
737 2431 831 2468 κακὰ
854 2428 898 2477 δὴ
918 2429 1092 2480 [aaz-6256?
1119 2430 1163 2482 (i.
1186 2444 1221 2470 e.
1241 2431 1462 2483 μαντεύετ’)
1486 2433 1654 2484 ἆχαιοῖς.

391 2509 430 2549 3,
458 2505 521 2549 15.
546 2496 777 2546 προτίθησιν
799 2496 964 2551 ἄεθλον]
989 2496 1190 2548 προτίθησ’
1214 2498 1341 2538 ’ἆθλον
1364 2499 1476 2549 εὐνῆς
1498 2499 1622 2540 Vind.

392 2562 648 2612 Πηνελόπεια
669 2560 797 2601 Vind.
822 2567 865 2602 et
887 2563 1062 2603 Barnes.
1088 2567 1341 2615 Πηνελοπείη
1362 2570 1463 2606 ante
1484 2566 1658 2607 Barnes.

393 2630 430 2677 8,
459 2639 522 2681 17.
548 2629 644 2680 ἀνὴρ
665 2629 710 2678 ἠὲ
730 2630 846 2682 γυνή]
877 2631 974 2682 ἀνὴρ
996 2631 1062 2681 ἠδὲ
1083 2632 1181 2683 γυνή
1202 2636 1267 2672 est
1290 2632 1366 2672 Od.
1390 2639 1422 2681 ζ,
1448 2634 1540 2685 184.

393 2698 432 2744 8,
459 2709 523 2736 21.
548 2695 675 2744 δμῶάς
696 2695 804 2735 male
825 2710 1023 2738 excusum
1045 2713 1121 2752 pro
1143 2700 1282 2749 δμωάς.

394 2775 432 2814 9,
452 2762 490 2800 6.
517 2760 624 2800 Pars
646 2760 769 2814 hujus
791 2761 934 2801 scholii
957 2777 1082 2816 quam
1098 2763 1141 2802 in
1162 2764 1436 2804 annotatione
1453 2779 1503 2804 ex
1521 2764 1573 2804 V.
1596 2764 1771 2818 apposui
1793 2770 1858 2806 est

335 2827 465 2868 etiam
486 2827 528 2867 in
551 2827 597 2866 T.

398 2907 461 2944 10,
481 2908 520 2945 4.
542 2896 593 2948 τῷ
612 2895 739 2948 τρόπῳ
757 2895 882 2949 (male
900 2898 1026 2948 τρόπῶ
1044 2896 1086 2937 in
1104 2897 1300 2939 lemmate
1318 2899 1644 2953 annotationis)]
1675 2899 1742 2940 Sic
1762 2914 1856 2955 par-
