1956 3239
725 103 1142 144 APPENDIX.
1615 105 1693 147 781

232 218 330 267 464,
352 229 390 270 3.
414 215 512 268 φησὶ
532 215 666 266 μαθὼν
689 214 910 255 Prellerus.
948 219 1005 266 φᾶ
1028 218 1215 266 μαθηταῖς
1237 215 1288 254 Τ.

231 286 329 333 464,
351 297 390 334 4.
412 283 456 322 οὐ
477 281 642 323 addidit
667 281 890 322 Prellerus.

229 353 327 401 464,
346 351 383 389 6.
408 350 517 405 ἱκανῇ
539 349 762 389 Prellerus.
805 349 916 398 ἱκανὴ
939 350 995 389 Τ.

231 417 421 456 ἀλλοιοῦν
442 416 603 456 correxi
624 430 700 470 pro
722 416 1015 456 ἀλλοιοποιοῦν.

229 486 327 536 464,
351 486 414 523 16.
437 484 550 536 λέγοι
572 483 795 524 Prellerus.
837 482 938 537 λέγῃ
961 483 1015 522 Τ.

229 552 327 600 464,
349 564 415 592 20.
439 550 635 603 φιλάνορα
656 550 708 606 δ’]
733 551 930 602 φιλάνερα
951 551 994 590 δὲ
1016 549 1066 600 Q.

229 620 329 668 464,
348 630 413 671 23.
435 617 635 672 μελιηδέα]
657 618 856 668 μελιείδεα
878 617 927 668 Q.

229 687 324 733 466,
347 696 410 737 15.
433 686 561 737 πρώτη
582 684 670 739 τοῦ]
694 685 845 736 πρώτου
868 684 916 735 Q.

227 753 325 802 466,
349 753 412 792 16.
435 753 612 805 χνοάζων
634 752 796 793 Buttm.
837 752 1023 804 χωράζων
1046 751 1094 802 Q.

227 821 324 870 467‚
345 820 412 860 28.
435 821 579 871 κόνιζα]
607 819 674 860 Sic
696 819 907 860 interdum
929 818 1132 872 scriptum
1153 818 1195 858 in
1216 818 1429 859 codicibus
1449 818 1598 861 vitiose
1618 835 1695 875 pro

172 887 322 935 κόνυζα.

227 954 324 1004 468,
349 954 386 994 8.
410 955 568 994 αὐπαλά
587 959 844 1009 corruptum.

227 1021 325 1070 468,
350 1033 414 1071 24.
450 1020 499 1060 In
526 1021 802 1062 annotatione
823 1034 992 1061 monere
1015 1020 1220 1060 debebam
1241 1024 1355 1061 recte
1376 1021 1532 1061 habere
1562 1021 1692 1062 inter-

170 1088 441 1140 punctionem
474 1089 689 1143 vulgatam
721 1089 891 1142 fallique
925 1089 1234 1129 Buttmannum
1268 1089 1318 1128 de
1354 1093 1561 1129 commate
1597 1094 1696 1143 post

172 1154 285 1207 ἔρχεο
298 1156 502 1209 ponendo.
539 1156 722 1196 Notavit
737 1156 863 1197 etiam
886 1154 1124 1196 Nitzschius
1139 1155 1181 1194 in
1197 1157 1356 1195 Annot.
1386 1155 1464 1195 vol.
1480 1168 1519 1209 3.
1538 1171 1578 1210 p.
1599 1169 1646 1211 13
1651 1170 1694 1210 5.

226 1224 324 1276 469,
349 1223 386 1263 8.
409 1223 453 1263 τὸ
474 1225 690 1275 gspos‘om.
715 1225 771 1263 Τ.

226 1291 323 1342 469,
348 1303 387 1344 9.
412 1291 641 1346 Διονύσιος]
665 1292 685 1330 ὁ
709 1291 904 1332 ὃιονύσιος
928 1291 984 1330 Τ.

226 1357 322 1412 469,
346 1369 410 1408 14.
433 1358 611 1412 παρέλθῃ
632 1357 794 1397 correxi
816 1371 893 1411 pro
914 1357 1117 1408 παρέλθοι.

225 1434 323 1476 470,
339 1434 379 1479 5.
401 1426 552 1475 τίθησιν
569 1426 714 1475 (τίθησι
736 1425 813 1477 T.)
829 1426 1095 1475 ἀλλοιώσεως]
1125 1423 1273 1464 Malim
1294 1424 1422 1472 τίθησι
1443 1426 1509 1474 τῆς
1526 1424 1694 1464 ἀλλοιώ-

171 1508 284 1540 σεως,
307 1491 385 1531 nisi
407 1495 473 1542 τῆς
493 1497 593 1533 ante
622 1496 689 1532 τοῦ
711 1492 879 1532 excidit.

227 1556 250 1607 ᾗ
271 1557 323 1611 τ’]
352 1557 408 1608 ἥτ’
433 1558 479 1598 Τ.

225 1638 323 1677 470,
344 1637 379 1677 7.
401 1626 423 1675 ἡ
446 1627 582 1676 ὅρασις
602 1630 679 1666 τῶν
700 1626 936 1680 ὀφθαλμῶν]
962 1623 1239 1664 Desideratur
1259 1623 1432 1662 verbum
1454 1622 1651 1675 θέλγεται.

227 1693 381 1745 τούτου]
407 1697 520 1732 τοῦτο
544 1693 597 1733 Τ.

227 1770 323 1812 470.
350 1772 415 1799 21.
440 1759 630 1814 κρηνέων]
656 1759 830 1811 κρηνάων
852 1759 956 1810 B.Q.

227 1829 264 1867 οἱ
300 1829 340 1867 δὲ
382 1828 670 1880 ἀλληγοροῦσι]
711 1826 836 1867 Hanc
869 1825 1264 1880 interpretationem
1297 1823 1570 1877 reprehendit
1607 1825 1693 1864 Eu-

170 1895 298 1935 stath.
335 1909 374 1948 p.
406 1896 511 1934 1660
540 1898 648 1934 extr.
677 1895 778 1936 τινὲς
814 1893 856 1933 δέ
888 1910 936 1944 γε
963 1897 1040 1932 τῶν
1069 1895 1249 1932 παλαιῶν
1277 1889 1588 1941 ἀσυμβιβάστως
1620 1892 1694 1941 μὲν

169 1963 266 2011 πρὸς
287 1962 434 2003 πλάτος
455 1961 708 2013 ἀλληγορίας,
732 1962 833 2010 ὅμως
855 1961 897 1999 δὲ
918 1961 1141 2009 ὑπενόησαν
1159 1958 1336 1998 ἐνιαυτὸν
1352 1959 1425 2007 μὲν
1442 1958 1512 2007 τὴν
1533 1959 1689 2009 Κίρκην,

169 2032 235 2071 τὰς
255 2028 285 2069 δ’
308 2031 473 2069 ἐνταῦθα
492 2027 688 2079 τέσσαρας
709 2028 825 2077 αὐτῆς
846 2028 1047 2068 διακόνους
1075 2028 1141 2068 τὰς
1165 2025 1362 2076 τέσσαρας
1385 2026 1497 2076 ὥρας,
1521 2024 1636 2065 οὐδέν
1659 2042 1694 2064 τι

168 2101 354 2148 γενναῖον
374 2097 603 2137 ὑπειπόντες
623 2096 756 2136 οὕτως.

225 2174 322 2216 473,
348 2175 410 2204 12.
431 2161 492 2203 Ὀ.
517 2161 711 2215 ἀδελφήν]
734 2160 915 2212 ἀδελφήν
937 2162 970 2200 ὁ.
995 2160 1044 2211 Q

224 2239 322 2282 474,
342 2242 404 2268 11.
438 2228 504 2268 Ad
531 2241 696 2268 versum
716 2228 812 2280 465.
844 2226 886 2265 in
910 2226 966 2266 H.
988 2224 1248 2279 adscriptum
1277 2238 1366 2264 esse
1395 2223 1548 2264 dicitur
1577 2223 1694 2275 γένος

169 2297 254 2337 ἀντὶ
275 2299 440 2348 γενικῆς,
463 2295 665 2335 τουτέστιν
687 2295 939 2347 εὖφρόσυνος.
1002 2293 1104 2344 Quae
1126 2307 1209 2332 non
1231 2291 1431 2346 intelligo.

225 2373 322 2415 474,
348 2373 412 2417 15.
434 2360 666 2416 ὑψόροφον]
692 2362 826 2401 Immo
850 2363 888 2403 ἐς
907 2362 1132 2413 ὑψόροφον.

225 2441 322 2481 474,
343 2431 410 2470 26.
438 2429 590 2470 Altera
611 2443 737 2483 quam
757 2428 800 2468 in
820 2427 1096 2469 annotatione
1117 2425 1345 2467 memoravi
1366 2425 1587 2466 annotatio
1609 2425 1692 2465 Eu-

168 2496 315 2536 stathii
337 2510 467 2550 usque
488 2496 544 2536 ad
563 2496 787 2547 προθέσεως
808 2499 874 2535 est
893 2494 1021 2535 etiam
1043 2494 1086 2534 in
1103 2495 1159 2534 T.
1177 2493 1221 2534 in
1243 2507 1325 2547 quo
1341 2498 1455 2534 recte
1477 2492 1691 2546 scriptum,

168 2568 217 2604 ut
237 2563 350 2617 apud
373 2562 646 2603 Eustathium
666 2561 689 2612 ἢ
710 2562 824 2612 αἰανῆ
844 2561 1044 2602 τουτέστιν
1068 2562 1090 2611 ἡ
1116 2562 1158 2612 (ἡ
1186 2575 1268 2602 om.
1291 2561 1362 2611 B.)
1395 2562 1438 2600 ἐν
1463 2560 1594 2599 σκότει
1615 2559 1693 2598 διά-

169 2648 307 2683 γουσα,
329 2629 351 2680 ἣ
372 2634 541 2681 μᾶλλον.
606 2629 725 2669 Idem
749 2631 804 2669 T.
829 2632 896 2679 τῆς
917 2628 1135 2680 προθέσεως
1158 2643 1251 2669 cum
1271 2628 1463 2669 articulo.
1517 2625 1693 2680 Legitur

168 2702 309 2739 autem
332 2698 410 2737 hoc
432 2696 618 2737 scholion
645 2696 688 2735 in
711 2697 765 2735 T.
789 2711 828 2750 p.
853 2710 943 2748 190.
970 2701 1067 2751 post
1088 2696 1271 2737 scholion
1296 2710 1438 2737 versus
1459 2705 1556 2748 512.
1578 2693 1688 2746 quod

168 2765 277 2805 infra
300 2763 621 2804 memorabimus
642 2763 695 2802 ad
716 2778 754 2816 p.
773 2762 869 2813 482,
892 2764 955 2802 16.

225 2841 322 2884 475,
346 2845 383 2884 9.
407 2830 505 2884 εἶτα]
527 2829 549 2880 ἢ
572 2830 624 2869 V.

226 2909 323 2951 475,
349 2912 409 2938 10.
436 2898 544 2938 εἶπεν
566 2911 644 2937 om.
670 2897 718 2947 Q.
