1956 3239
300 98 385 143 764
854 95 1270 138 APPENDIX.

360 224 454 268 277,
473 227 513 268 3.
545 212 754 263 Scholion,
782 211 859 254 οὐδ’
883 211 1101 263 ἐδυνάσθη;
1137 213 1178 251 ἐκ
1209 214 1276 251 τοῦ
1308 209 1452 258 δυνάζω
1485 210 1535 251 ὡς
1565 208 1720 258 πελάζω
1750 208 1825 250 ha-

300 284 374 324 bet
396 283 445 324 T.

357 347 401 389 τὸ
425 347 455 388 δ’
476 347 687 400 ἐδυνάσθη]
709 348 753 388 τὸ
774 349 816 388 δὲ
838 347 1009 398 δυνάσθη
1032 346 1190 398 B.EQ.

360 426 454 468 277,
479 429 632 468 9—12.
656 415 763 455 Haec
785 414 826 454 in
848 428 998 454 unums
1020 413 1183 454 oholion
1205 413 1452 454 coaluerunt
1473 412 1515 452 in
1533 411 1582 453 T.
1605 411 1676 461 sio,
1696 413 1828 464 ὥσπερ

301 482 429 533 -τὴν
451 483 615 535 σχεδίαν
636 482 791 533 ἔφερεν.
837 480 1024 532 φέρονται
1046 481 1088 520 δὲ
1109 480 1396 532 ὑπεξηραμέναι
1416 479 1490 521 ὑπὸ
1512 482 1581 519 τοῦ
1602 478 1734 531 θέρους
1748 495 1819 519 :—

360 559 455 603 277,
480 561 658 603 19—23.
692 548 758 587 Ex
790 547 854 587 his
886 551 1088 601 excerpta
1119 551 1219 587 sunt
1240 561 1333 601 quae
1353 546 1397 587 in
1420 547 1470 587 E.
1493 547 1702 602 leguntur,
1731 548 1830 598 μόνη

301 618 395 668 αὕτη
427 615 583 671 ᾤκτειρε
609 616 679 656 τὸν
699 615 911 664 Ὀδυσσέα,
940 616 999 655 ὅτι
1028 615 1152 666 φασὶν
1182 616 1389 667 ἄνθρωπον
1420 615 1540 666 αὐτὴν
1572 615 1672 656 εἶναι
1702 617 1830 667 ὁμοιο-

301 687 404 734 παθῆ
427 684 469 723 τὸ
490 685 692 735 πρότερον,
710 682 733 733 ἢ
756 684 814 722 ὅτι
835 682 884 733 ἢν
906 681 1368 735 φιλογύνης-Ὀδυσσεύς.

362 761 456 804 277,
483 763 548 791 21.
582 750 832 791 Extremam
858 753 1026 791 tantum
1055 749 1199 790 scholii
1229 753 1396 804 partem
1422 749 1554 791 habet
1576 750 1624 790 T.
1649 750 1706 790 sic
1732 750 1832 790 scri-

301 822 432 873 ptam,
451 818 689 869 ὁμοιοπαθὴς
708 818 757 869 ἧν
773 817 872 871 (sic)
891 818 1094 870 ἄνθρωπος
1114 819 1292 869 οἶκτείρει
1313 818 1383 858 τὸν
1397 816 1611 866 Ὀδυσσέα,
1630 818 1699 858 οὐκ
1721 819 1832 858 ἐναν-

301 890 448 926 τιοῦται
469 888 511 926 δὲ
534 887 554 925 ὁ
577 885 963 926 Ποσειδῶν-αὐτόν
978 901 1049 925 :—

363 963 457 1006 277‚
483 964 549 1008 25.
576 952 793 1007 Λευκοθέα]
817 952 1008 1003 λευκοθέη
1029 952 1080 992 Ε.

362 1033 455 1074 277,
484 1032 549 1074 27.
574 1020 799 1076 διωνυμίας]
825 1022 1039 1071 ὃυωνυμίας
1060 1019 1222 1072 BE.Q.

364 1099 457 1142 277,
483 1101 548 1143 29.
581 1091 629 1129 τὰ
660 1089 925 1142 ὃὲ-παῖδες]
967 1089 1060 1139 αὕτη
1093 1089 1168 1140 γὰρ
1201 1088 1224 1139 ἡ
1255 1086 1455 1138 Λευκοθέη
1489 1088 1589 1140 φησὶ
1615 1087 1833 1139 Ἀθάμαντι

303 1160 501 1197 συνοικεῖν
535 1157 597 1197 καὶ
632 1159 769 1198 παῖδες
798 1156 845 1196 T.
882 1155 952 1210 qui
988 1155 1079 1197 haec
1116 1169 1211 1196 cum
1246 1155 1512 1210 praecedente
1547 1155 1704 1197 scholio
1736 1170 1833 1197 eon-

297 1223 454 1279 jungit.

363 1303 457 1344 277,
481 1305 547 1345 30.
569 1291 764 1346 Ἀθάμας]
793 1293 813 1332 ὁ
836 1291 984 1343 ἀθάμας
1007 1291 1055 1332 Τ.

365 1370 458 1413 277,
481 1373 550 1414 31.
572 1359 697 1410 ἡἸυὼ
719 1374 800 1400 om.
820 1359 869 1400 Τ.

364 1437 461 1481 277,
482 1439 550 1482 32.
573 1427 595 1478 ἡ
619 1428 687 1467 iva>
710 1427 758 1468 T.
807 1427 830 1478 ἡ
852 1440 930 1467 om.
955 1426 1111 1478 B.P.Q.

364 1496 458 1548 278,
484 1507 518 1535 2.
544 1495 682 1548 ἔλαχε]
709 1495 835 1545 ἔλαβε
857 1494 960 1546 B.Q.
1009 1494 1122 1548 ἔτυχε
1145 1494 1193 1534 Τ.

359 1562 600 1613 μετέβαλεν]
624 1561 880 1613 μετέβαλλεν
897 1561 942 1602 Τ.

364 1630 459 1682 278,
478 1643 517 1685 3.
548 1632 611 1670 διὰ
632 1629 676 1669 τὸ
698 1629 830 1682 φυγὴν
851 1646 893 1670 π.
910 1631 973 1670 διὰ
993 1633 1061 1670 τοῦ
1071 1630 1272 1683 -πεδίου]
1307 1629 1359 1684 τῷ
1381 1630 1451 1680 τὴν
1472 1647 1512 1671 π.
1535 1629 1635 1682 (hoc
1667 1629 1833 1685 ordine)

302 1696 557 1750 φυγὴν-διὰ
579 1697 622 1736 τὸ
647 1698 926 1738 τοῦ-παιδίου
950 1697 998 1737 Τ.

362 1765 457 1817 278,
479 1779 493 1804 1
507 1778 541 1805 1.
566 1765 628 1805 καὶ
647 1764 813 1805 addidit
836 1765 1134 1806 Buttmannus.

363 1833 459 1884 278,
485 1845 543 1887 13.
565 1832 784 1887 βούλοντο]
807 1834 1020 1884 βούλοιντο
1044 1833 1095 1874 Ε.
1157 1832 1289 1874 Recte
1312 1832 1518 1888 Scriptum
1538 1847 1578 1887 p.
1600 1843 1698 1888 305,
1722 1834 1760 1873 6.

366 1911 463 1954 279,
487 1913 522 1940 Ι.
548 1900 704 1954 φωνὴν]
734 1902 868 1951 φωνὰς
890 1899 995 1952 E.Q.

365 1980 461 2020 279,
483 1981 518 2008 2.
543 1967 767 2021 αὐλήεσσα]
797 1967 982 2018 ἁλήεσσα
1003 1967 1052 2008 Τ.

364 2046 458 2089 279,
478 2049 518 2089 5.
542 2036 584 2076 τὸ
606 2039 717 2091 φωνῇ
738 2037 853 2092 μόνῃ]
882 2039 926 2087 τῆ
947 2038 1058 2089 φωνῆ
1078 2037 1196 2087 μόναι
1220 2035 1312 2089 (sic)
1335 2035 1383 2076 T.

365 2113 460 2156 279,
480 2115 518 2156 7.
541 2103 626 2155 τὸν]
652 2104 696 2143 τὸ
719 2103 825 2156 ΕΗΩ

364 2172 425 2210 καὶ
448 2170 607 2224 ἑκάστη]
631 2172 693 2211 καὶ
714 2185 795 2211 ΟΠ1.
820 2170 925 2223 E.Q.

366 2247 461 2292 279,
482 2240 519 2278 8.
541 2240 615 2290 γὰρ
638 2252 717 2278 om.
737 2238 786 2278 Τ.

366 2315 461 2356 279,
480 2318 544 2344 10.
568 2305 779 2355 ἐξέμμορεε
811 2305 1040 2356 μεμοίραται
1056 2320 1126 2344 :-—
1148 2305 1196 2345 T.

365 2383 461 2425 279,
483 2382 547 2426 15.
574 2372 737 2424 ἐφέρετο
760 2371 921 2411 correxi
943 2386 1020 2425 pro
1043 2371 1266 2424 ἐνεφέρετο,

366 2448 463 2492 279,
482 2439 545 2478 18.
567 2441 943 2493 παρεμβεβλῆσθαι]
970 2441 1353 2491 παρεμβεβολῆσθαι
1375 2439 1424 2491 Q.

366 2515 460 2560 279,
482 2519 547 2548 20.
570 2505 764 2557 πετομένη
787 2506 1020 2547 Prellerus:
1052 2507 1299 2559 τεταμωμένη
1323 2507 1421 2561 (Sic)
1446 2507 1494 2547 Τ.

368 2576 461 2623 280,
482 2586 519 2616 2.
541 2576 843 2626 μεταβαλοῦσα]
868 2574 1183 2626 μεταβάλλουσα
1204 2575 1253 2616 Τ.

365 2642 472 2682 ἀλλὰ
494 2641 604 2693 πρὸς]
631 2642 739 2681 ἀλλὰ
762 2642 824 2682 καὶ
845 2643 891 2682 Τ.

367 2709 461 2756 280,
477 2721 517 2762 3.
541 2710 909 2764 μεταμεμόρφωται]
930 2712 1182 2763 μεμόρφωται
1203 2711 1252 2751 Τ.

369 2777 463 2825 281,
484 2789 519 2818 2.
544 2776 663 2830 αὐτῷ]
694 2776 786 2816 αὐτὸ
808 2777 854 2816 Τ.

367 2843 463 2890 281,
480 2856 519 2894 4.
546 2844 585 2883 αἱ
599 2842 911 2897 Ἀριστάρχειαι]
942 2843 1061 2885 Ὲοτίὶ.
1080 2847 1120 2885 αἱ
1134 2843 1436 2898 Ἀριστάρχειοι,
1458 2848 1507 2885 ut
1527 2843 1580 2884 ad
1601 2849 1633 2894 ζ,
1658 2844 1695 2883 8.

370 2910 464 2960 281,
483 2912 522 2951 6.
544 2911 713 2964 μακρὸν]
748 2910 897 2952 Malim
917 2911 1080 2963 μακράν.
