1956 3239
682 111 1095 154 APPENDIX.
1571 111 1650 155 791

189 221 287 276 582,
305 223 344 263 6.
366 222 437 274 τὴν
457 223 573 264 αὐτοῦ
596 223 665 264 οὐκ
692 222 798 264 οἶδέν
819 239 914 263 ποτε
944 223 1338 277 σύνθετον“ομηρος]
1377 222 1429 264 Id
1459 226 1536 269 est,
1570 234 1654 261 non

132 289 236 332 dicit
258 293 409 332 ἑαυτοῦ.
1101 282 1107 288 ’

189 359 287 413 582,
314 372 373 399 11.
399 361 433 400 εἰ
452 360 504 410 μὴ
526 359 672 414 scripsi
693 373 770 413 pro
794 361 829 400 εἵ
847 376 906 411 γε.

188 426 289 480 582,
311 439 371 480 13.
395 426 676 482 κεκακωμένος]
702 426 935 476 κεκαυμένος
958 425 1015 464 Η.

188 493 286 546 582,
308 506 368 545 19.
391 494 830 547 παραποιητικῶς-τῷ]
857 495 960 544 παρὰ
981 491 1345 546 ποιητικῶς-αὐτῷ
1370 490 1425 530 Η.

188 559 242 612 58
246 571 286 613 5,
307 570 370 614 15.
392 560 569 612 ἀδελφὸν
592 560 753 601 Buttm.
771 574 847 614 pro
870 561 1059 611 ἀδελφοῦ.

189 626 287 680 589,
305 640 344 681 3.
368 627 571 681 ἀγροῖκον]
601 628 783 680 ἄγροικον
800 627 855 666 V.

190 694 288 746 589,
308 703 346 746 7.
369 696 473 745 παρὰ
493 693 658 734 addidit
683 694 837 735 Maius.

189 760 287 813 589,
307 761 346 799 8.
371 759 579 815 ἐναντίων]
604 762 803 811 πολεμίων
822 760 871 811 Q.

188 838 287 880 590,
308 839 371 868 11.
395 829 457 867 διὰ
477 830 546 867 τοῦ
567 827 606 881 ε]
631 827 741 868 Nam
763 827 805 868 in
826 827 918 868 aliis
939 827 1055 868 libris
1085 827 1314 880 ἐσαγείρατο
1346 826 1549 880 Scriptum
1580 840 1657 879 pro

134 894 375 945 ἐσαγείρετο.

189 970 371 1016 590,’13.
395 963 457 1002 καὶ
480 965 654 1014 καθαρῶς
676 977 757 1003 om.
780 962 885 1014 B Q.

189 1038 290 1082 590,
314 1041 380 1082 29.
403 1028 444 1068 in
466 1035 610 1070 annot.
628 1029 696 1070 lin.
717 1042 754 1069 2.
778 1034 873 1084 post
898 1035 921 1052 “
937 1033 999 1070 δια
1015 1030 1110 1077 -,”
1128 1043 1209 1083 quo
1232 1028 1384 1083 pagina
1405 1027 1562 1075 finitur,
1586 1040 1655 1066 ex-

133 1093 237 1135 cidit
259 1102 281 1117 “
296 1095 404 1136 leoto
426 1096 493 1136 hie
515 1096 798 1151 cogitandum,
821 1097 894 1137 sed
916 1097 966 1136 de
988 1096 1130 1138 varia”

190 1175 289 1216 591,
309 1175 373 1204 22.
397 1164 495 1204 οὕτω
516 1166 591 1215 γὰρ
613 1163 774 1203 correxi
795 1177 870 1218 pro
893 1164 990 1204 οὕτω
1012 1164 1076 1217 τῷ.

190 1241 290 1284 592,
310 1242 374 1270 12.
395 1232 558 1284 βόσκοι]
583 1232 724 1281 βόσκει
746 1230 856 1271 Maii
878 1230 1021 1270 editio.

190 1308 245 1351 59
250 1310 289 1351 3,
311 1310 433 1349 2—4.
457 1298 934 1349 εὑρόντα-ἐξετάσαντα]
962 1295 1453 1349 εὑρόντες-ἐξετάσαντες
1475 1294 1524 1346 Q.

190 1377 289 1419 593,
309 1365 347 1405 8.
369 1365 439 1405 τὸν
459 1366 501 1405 δὲ
522 1365 821 1419 δειματωθέντα]
845 1366 896 1419 τῷ
918 1367 959 1404 δὲ
982 1364 1258 1416 δειματωθέντι
1281 1363 1329 1415 Q.

190 1443 288 1487 594,
307 1445 347 1484 4.
370 1433 679 1483 συμβεβηκυίαις
700 1433 861 1473 Buttm.
881 1446 958 1486 pro
981 1432 1274 1483 ἐμβεβηκυίαις.

190 1513 289 1555 594,
309 1501 372 1541 18.
396 1504 464 1541 τοῦ
485 1500 726 1553 ἐφέλκεσθαι
748 1501 922 1541 BarneS.
939 1515 1017 1554 pro
1039 1504 1106 1540 τοῦ
1129 1499 1384 1552 ἐφέλκυσθαι.

191 1580 290 1622 594,
311 1580 378 1608 20.
409 1570 589 1620 θύρηθεν,
615 1568 728 1622 quod
759 1568 802 1608 in
831 1568 943 1610 HQ.
973 1568 1082 1608 infra
1111 1572 1208 1622 post
1239 1568 1334 1618 ὅπερ
1365 1564 1531 1619 legitur,
1564 1568 1660 1618 post

137 1638 286 1686 πλῆρες
305 1635 564 1690 transposui,
586 1635 672 1675 sive
695 1635 752 1675 sic
776 1635 945 1689 scripsit
965 1633 1269 1689 grammaticus
1290 1633 1375 1673 sive
1398 1633 1549 1683 θύρηθε.

193 1713 292 1756 595,
314 1716 376 1757 15.
401 1702 698 1754 ἐφειλκυσάμην
719 1702 865 1756 scripsi
887 1717 962 1756 pro
985 1701 1275 1754 ἐφελκυσάμην.

192 1781 292 1824 595,
309 1771 373 1809 18.
398 1770 460 1809 καὶ
481 1770 699 1821 ὁμολογίαν
720 1783 801 1809 om.
819 1770 873 1809 V.

194 1839 293 1890 596,
314 1849 375 1891 15.
399 1836 525 1890 ἔστιν]
554 1837 656 1885 ὀϊζύς
676 1838 785 1876 ε’στιν
804 1836 856 1877 Q.

194 1906 374 1958 597,18.
398 1904 531 1946 αὐτούς
553 1917 633 1943 om.
653 1903 710 1943 H.

194 1972 293 2026 598,
315 1983 380 2026 25.
403 1971 613 2024 δροσῶδες]
641 1970 836 2021 δροσώδης
859 1969 914 2009 H.

194 2051 291 2092 599,
313 2039 350 2078 8.
374 2036 493 2091 οὕτω]
518 2039 637 2079 οὕτως
659 2037 769 2078 B.Q.

194 2118 293 2160 599,
314 2118 329 2144 1
343 2118 377 2145 1.
401 2106 450 2147 ὡς
471 2105 671 2158 ἀψευὸὣς]
698 2106 748 2146 ὡς
769 2117 849 2144 om.
873 2102 977 2143 BQ.

195 2174 390 2224 διαλύσει]
417 2170 587 2222 διαλέξει
610 2171 661 2212 Q.

194 2253 293 2294 599,
313 2253 377 2291 19.
400 2240 566 2292 βουλὰς]
594 2239 715 2280 αὐλᾶς
738 2236 796 2276 Η.

194 2320 295 2360 599,
314 2306 378 2346 28.
401 2307 447 2345 τό
467 2310 510 2346 et
535 2317 600 2359 29.
622 2307 690 2344 τοῦ
712 2318 789 2358 ego
811 2303 966 2344 addidi.

196 2377 259 2415 διὰ
280 2378 393 2414 τοῦτο
414 2372 562 2427 scripsi
582 2386 659 2426 pro
681 2374 743 2412 διὰ
764 2372 821 2411 τό.

197 2443 293 2491 601,
313 2455 380 2496 23.
403 2440 470 2481 Ex
488 2439 544 2480 H.
562 2443 814 2480 annotatum
830 2438 1052 2490 φροντίζειν
1070 2438 1340 2488 ἐπαγρυπνῶν,
1357 2434 1467 2489 quod
1485 2435 1664 2474 fortasse

83 2565 94 2572 ο
139 2511 196 2552 ad.
215 2510 294 2550 hoc
317 2508 503 2549 scholion
525 2511 703 2562 spectat.
753 2505 873 2546 Conf.
895 2520 936 2559 p.
955 2506 1052 2553 606,
1075 2517 1112 2545 2.

199 2579 295 2627 604,
316 2589 382 2616 20.
405 2575 663 2627 Δωροδόχην]
689 2574 911 2625 δωροδόχον
929 2571 981 2613 Q.

200 2647 294 2698 605,
313 2658 354 2694 4.
377 2641 690 2694 Φιλοστεφάνῳ]
719 2639 944 2693 φιλοστέρῳ
968 2639 1017 2689 Q.

200 2713 296 2765 605,
315 2723 377 2764 15.
400 2711 542 2759 ἴαμβος
558 2707 631 2759 γάρ
654 2707 814 2759 ἐστι-]
844 2705 967 2746 Hane
989 2705 1197 2746 rationem
1219 2718 1301 2743 non
1323 2702 1519 2754 intelligo.

200 2779 296 2827 606,
323 2779 360 2818 ὅ.
386 2775 524 2829 κύψαι]
555 2773 827 2815 Seribendum
850 2774 984 2824 τύψαι.

200 2847 296 2897 607,
322 2855 358 2897 7.
382 2841 608 2896 πλεονάζει]
637 2842 721 2881 ἀντὶ
742 2843 809 2881 τοῦ
832 2841 914 2879 οὔτι
935 2839 1054 2880 addit
1078 2838 1133 2877 H.

201 2914 297 2961 608,
322 2913 380 2953 18.
405 2911 593 2960 ἀσωτίαν]
621 2909 813 2948 ἀσωτείαν
836 2906 884 2957 Q.
