1956 3239
250 77 335 119 638
821 83 1133 122 ΟΔΤΣΣΕΙΑΣ
1172 83 1212 120 P.

252 181 459 244 ἐγεγώνευν
483 184 651 247 ἀκαίρως
676 184 797 230 ἐστίν.
845 184 881 230 ἐν
906 184 945 229 δὲ
970 190 1053 235 τοῖς
1077 183 1302 246 κοινοτέροις
1326 180 1401 228 ἀπὸ
1427 187 1494 227 τοῦ
1516 179 1603 233 “ἕός
1629 178 1778 240 ἐ’φατο”

618 266 635 275 »υ
653 260 674 275 θ)

478 260 519 315 ἐξ
542 260 649 321 ἔμεν.
713 266 768 308 Q.
789 266 918 307 Vind.
939 279 1033 321 133.

317 336 536 399 ἐγεγώνεον]
571 338 791 398 ἐσήμαινον,
817 337 964 400 ἐ’λεγον.
998 339 1055 383 V.

250 259 320 311 ἕως
344 266 411 306 τοῦ
437 268 460 285 “

322 430 414 473 170.
440 414 659 473 ὃειπνητός]
699 414 881 470 ὅξυτὸνως
908 415 981 475 μὲν
1004 412 1048 460 Tc)
1085 415 1243 470 δεῖπνον,
1277 412 1502 477 βαρυτοΙνως
1526 411 1566 458 δὲ
1599 413 1617 458 o‘
1647 408 1780 474 καιρὸς

250 496 317 536 τοῦ
342 491 505 537 δείπνου.
542 496 720 538 Β.Η.Θ..

323 567 572 625 ὃειπνηστος]
615 567 839 631 βαρυτόνως
873 568 946 628 μὲν
977 570 1000 626 ἦ
1033 573 1100 614 τοῦ
1135 567 1285 614 δείπνου
1320 565 1411 631 ὥρα,
1448 565 1630 621 ὀξυτόνως
1662 566 1703 612 δὲ
1734 563 1779 611 τὸ

251 645 409 690 δεῖπνον.
445 649 498 690 V.

321 737 416 780 172.
449 719 516 767 καὶ
540 719 630 767 τότε
661 721 706 778 δή
741 728 838 781 σφιν
868 719 972 767 ’ἔειπε
1005 721 1163 779 Μέδων]
1203 720 1462 773 εὐνούστατος
1488 722 1560 781 μὲν
1590 722 1607 767 ὁ
1639 719 1781 766 Μέδων

1071 798 1083 814 X
1122 798 1140 816 'l

250 802 301 863 τῇ
323 797 554 850 Ὀδυσσέως
584 797 698 860 οἰκίᾳ,
735 797 781 843 δι’
807 797 1017 844 ἐπιείκειαν
1070 820 1086 844 ε
1118 803 1229 856 ηθους
1253 795 1319 844 καὶ
1353 798 1390 844 οἷ
1416 803 1641 861 μνηστῆρες
1664 795 1781 843 αὐτὸν

249 874 392 936 ε’τῖμων
413 873 481 920 καὶ
506 877 767 938 ὁμοτράπεζον
791 872 910 938 εἶχον.
950 880 1004 922 Q.

1563 951 1572 966 9
1635 950 1655 967 ‘l

322 959 417 1010 176.
443 953 484 999 οὗ
507 954 579 1014 μὲν
602 955 680 1016 γάρ
705 975 743 999 τι
767 954 935 1017 χέρειον]
966 952 1050 1010 ἤτοι
1085 951 1204 999 καλόν
1229 952 1351 999 ἐστιν·
1389 952 1438 1004 ὧς
1462 949 1506 998 τὸ
1532 973 1607 1014 ουχ
1631 972 1782 1008 ηκιστα

248 1028 335 1076 ἀντὶ
359 1036 426 1076 τοῦ
450 1038 621 1091 μᾶλλον.
661 1035 712 1076 Β.

322 1122 416 1165 177.
441 1105 531 1152 vro-ri
557 1103 654 1152 οἷκον
679 1106 869 1163 ἕκαστος]
899 1128 964 1169 γρ.
983 1105 1163 1153 πείθοντό
1181 1128 1224 1152 τε
1248 1105 1369 1169 μύθῳ.
1409 1111 1469 1151 Η.

442 1184 461 1201 ’l
625 1185 636 1198 f
882 1182 895 1198 Ι
1125 1189 1143 1198 ω

320 1189 414 1229 181.
442 1189 579 1247 ιρευον]
611 1206 660 1236 ως
686 1204 1001 1245 συγκοπτομενον
1025 1190 1228 1240 ψιλουται.
1267 1188 1319 1228 Β.

318 1262 453 1307 ἀθετεῖ
470 1260 537 1307 καὶ
556 1262 870 1324 Ἀριστοφάνης.
909 1265 967 1306 H.

860 1336 912 1354 'ss

322 1343 415 1398 185.
441 1338 587 1385 πόλινδ’
607 1338 722 1395 ι’έναι]
753 1359 819 1400 γρ.
839 1337 859 1382 ὃ

893 1358 1035 1398 ιμεναι.
1075 1341 1134 1382 Η.

322 1435 416 1477 190.
440 1416 663 1477 μέμβλωκε
690 1416 898 1476 μάλιστα]
928 1413 1150 1475 μεμέληκε,
1177 1412 1262 1459 ἀντὶ
1287 1418 1355 1459 τοῦ
1387 1414 1589 1477 προσήκει,
1615 1410 1682 1459 καὶ
1705 1435 1780 1475 με-

251 1557 318 1593 tila
354 1556 512 1592 fortasse
552 1555 603 1591 sic
641 1553 885 1594 restituenda,
921 1553 989 1601 πρὶν

251 1612 408 1646 εἰσελθεῖν
425 1614 492 1656 (SC.
511 1612 552 1650 εἷς
568 1608 676 1657 ἄστυ)
696 1611 748 1643 οὐκ
764 1611 795 1643 ἐν
808 1612 847 1656 τῇ
864 1610 914 1652 νηῒ
925 1627 986 1642 -.

253 1663 444 1700 LEHRS.
467 1662 585 1698 Arist.
609 1675 644 1710 p.
667 1671 752 1710 107.

312 1730 346 1753 1.
368 1717 560 1764 κοινοτέροις]
586 1716 784 1762 εἷκαιοτέροις
799 1713 914 1750 Vind.

307 1771 520 1818 ἀπὶ-ἐμεῦ]
545 1770 627 1805 Hac
648 1769 767 1804 ultimi
781 1780 911 1804 versus
932 1767 987 1802 in-

254 1825 439 1861 dicatione
473 1830 602 1859 nostra
632 1836 741 1870 quam
778 1834 889 1870 supra
923 1834 986 1857 ex-

253 1879 446 1927 posuimus
473 1877 567 1913 ratio
588 1877 832 1913 confirmatur
851 1875 989 1922 plenis-

255 1933 361 1974 sime,
379 1937 606 1980 apparetque
627 1930 748 1971 simul,
765 1929 866 1965 istud
882 1928 989 1978 ἔφατο

255 1986 355 2034 quod
378 1986 417 2021 in
447 1985 589 2021 scholio
613 1985 672 2020 hic
699 1983 877 2032 praecedit
905 1995 984 2018 mu-

253 2040 411 2075 tandum
441 2051 521 2074 esse
548 2051 624 2074 non
654 2038 692 2073 in
720 2037 833 2086 ἔφατ’,
856 2037 922 2072 sed
950 2036 988 2071 in

254 2096 355 2141 φάτο.
415 2093 554 2127 Verum
591 2104 690 2127 nova
735 2103 833 2126 nune
871 2091 990 2125 oritur

255 2146 410 2193 quaestio
435 2146 585 2192 quinam
612 2145 686 2180 sint
714 2144 766 2179 illi
792 2143 987 2179 duodecim

254 2212 384 2235 versus
414 2199 476 2246 qui
504 2199 542 2233 in
571 2197 892 2245 praestantioribus
921 2209 987 2231 ex-

256 2253 387 2300 emplis
408 2252 693 2287 damnabantur.
739 2251 832 2285 Eam
849 2256 987 2291 tamen,

255 2319 302 2342 ne
322 2306 459 2352 longus
484 2305 564 2345 sim,
587 2305 637 2339 ita
657 2304 782 2339 statim
804 2303 987 2345 dirimam,

255 2365 298 2395 ut
333 2359 548 2394 manifestas
590 2358 700 2405 hujus
740 2356 869 2391 scholii
908 2369 987 2391 cor-

256 2413 420 2460 ruptelas
454 2411 635 2459 probabili
668 2410 810 2446 ratione
845 2410 986 2445 tollam.

257 2468 379 2514 Atque
417 2466 488 2500 hoc
522 2472 621 2500 certe
660 2464 766 2500 facile
803 2464 987 2505 omnibus,

257 2520 403 2567 opinor,
438 2518 680 2566 persuadebo,
714 2530 781 2565 pro
813 2521 839 2552 οἱ
868 2518 911 2560 ιβ
937 2517 988 2552 10-

258 2573 423 2621 gendum
444 2584 525 2607 esse
545 2575 570 2606 οἵ
590 2573 636 2614 β’,
659 2570 889 2618 spectarique
918 2571 988 2606 hos

256 2627 358 2674 ipsos
378 2638 507 2661 versus
530 2626 613 2661 160.
636 2626 722 2660 161.
782 2626 816 2660 A
838 2637 909 2672 qua
930 2637 986 2660 ra-

256 2681 359 2716 tione
383 2680 454 2715 hoc
475 2679 660 2714 neminem
682 2684 782 2714 certe
803 2678 986 2714 absterre-

256 2734 311 2769 bit
332 2733 432 2781 quod
457 2733 612 2768 verbum
639 2735 809 2778 ἐγεγώνευν
833 2744 854 2766 a
880 2731 988 2767 scho-

257 2787 363 2823 liaste
390 2787 536 2822 videtur
566 2785 727 2821 defendi.
786 2785 886 2820 Nam
917 2785 988 2821 hoc

258 2841 384 2888 utique
411 2839 649 2876 manifestum
675 2844 744 2879 est,
767 2839 988 2874 sententiam

258 2895 391 2930 horum
422 2905 595 2930 versuum
631 2891 797 2928 damnari
831 2892 888 2927 his
923 2893 989 2927 ἐπεὶ

1044 1552 1099 1588 καὶ
1128 1569 1157 1587 κ.
1178 1568 1210 1587 τ.
1229 1556 1254 1589 ἐ.
1318 1553 1498 1589 Perversa
1530 1557 1656 1588 autem
1690 1564 1779 1588 con-

1045 1606 1295 1642 demnationis
1333 1619 1444 1642 causa
1481 1606 1645 1648 affertur,
1680 1606 1781 1653 quod

1045 1666 1131 1695 ante
1152 1672 1395 1696 conscensam
1426 1672 1561 1696 navem
1582 1660 1780 1708 augurium

1044 1714 1174 1750 fecerit
1204 1715 1237 1749 Τ
1241 1714 1530 1763 heoclymenus;
1574 1726 1661 1749 nam
1694 1718 1781 1761 post

1046 1768 1328 1804 descensionem
1353 1768 1476 1816 potius
1500 1768 1572 1803 hoc
1594 1767 1719 1804 evenit
1739 1769 1778 1814 (o,

1046 1829 1121 1870 525
1139 1823 1251 1869 sqq.).
1286 1821 1428 1857 Verum
1445 1822 1524 1857 haec
1539 1821 1653 1869 ipsius
1670 1821 1778 1857 scho-

1043 1875 1161 1911 liastae
1189 1875 1358 1911 confusio
1385 1875 1628 1923 relinquenda
1651 1880 1708 1911 est
1728 1874 1779 1911 ei-

1046 1929 1144 1965 dem.
1189 1929 1266 1965 Pro
1281 1933 1333 1965 οὗκ
1349 1931 1486 1977 ἀκαίρως
1503 1935 1629 1965 autem
1648 1929 1778 1977 legen·

1045 1983 1134 2018 dum
1161 1995 1242 2019 esse
1266 1985 1402 2030 ἀκαίρως
1427 1989 1560 2030 sponte
1589 1995 1689 2019 nunc
1713 1995 1779 2030 pa-

1044 2042 1123 2079 tet3
1153 2037 1223 2072 nisi
1239 2037 1319 2084 quis
1340 2036 1451 2072 alium
1467 2036 1679 2084 corrigendi
1697 2048 1777 2071 mo-

1045 2091 1134 2125 dum
1155 2090 1387 2126 comminisci
1406 2095 1531 2137 potest
1547 2102 1619 2136 quo
1639 2089 1778 2125 locutio

1046 2156 1192 2190 quoque
1208 2143 1329 2190 aptior
1348 2143 1517 2190 prodeat.
1559 2143 1686 2186 Quare
1707 2142 1778 2178 hoc

1045 2196 1157 2231 etiam
1206 2196 1365 2232 observo
1412 2209 1480 2243 pro
1524 2199 1695 2243 ἐγεγώνευν
1740 2196 1778 2232 in

1046 2250 1161 2285 schol.
1176 2249 1288 2285 Vind.
1310 2249 1489 2298 scriptum
1511 2261 1592 2285 esse
1613 2252 1778 2296 ἐγεγώνει),

1045 2303 1083 2338 in
1103 2303 1259 2338 Mediol.
1281 2306 1464 2350 ἐγεγώνει-ε.
1500 2302 1694 2338 BUTTM.

1098 2368 1136 2400 4.
1155 2357 1260 2392 Idem
1278 2356 1561 2404 significationis
1578 2356 1778 2392 discrimen

1044 2410 1157 2445 tradit
1179 2410 1350 2446 Eustath.
1371 2423 1408 2458 p.
1430 2410 1542 2458 1814,
1565 2411 1627 2457 36.
1650 2409 1711 2457 qui
1732 2410 1778 2445 de

1044 2470 1200 2511 utraque
1217 2465 1409 2512 scriptura.
1427 2465 1586 2507 ὃειπνητός
1601 2470 1638 2499 et
1653 2466 1775 2506 δειπνη-

1046 2519 1121 2559 στός
1141 2518 1244 2554 dixit.
1303 2518 1413 2554 Conf.
1436 2517 1547 2553 etiam
1567 2517 1693 2565 Etym.
1716 2516 1774 2553 M.

1044 2584 1081 2618 p.
1105 2573 1192 2614 262,
1210 2585 1233 2617 4
1237 2581 1271 2619 5.

1104 2638 1115 2661 1
1132 2638 1161 2661 1.
1183 2625 1281 2661 καλόν
1302 2625 1445 2660 Buttm.
1468 2637 1534 2672 pro
1555 2628 1586 2659 οὗ
1605 2623 1714 2659 καλόν.

1105 2687 1163 2727 15.
1194 2680 1248 2714 καὶ
1269 2678 1520 2726 Ἀριστοφάνης]
1554 2679 1608 2711 καὶ
1637 2677 1776 2712 indicat

1045 2732 1145 2768 hunc
1170 2744 1319 2768 versum
1348 2744 1423 2766 non
1450 2731 1495 2766 ab
1522 2730 1601 2766 solo
1622 2729 1772 2765 Aristo-

1046 2786 1166 2834 phane
1191 2798 1272 2822 esse
1292 2785 1483 2832 rejectum.
1542 2783 1603 2820 Sic
1625 2796 1659 2832 p.
1683 2783 1773 2824 662,

1048 2851 1107 2875 20.
1131 2845 1187 2876 est
1207 2839 1311 2883 ἦθέτει
1332 2839 1386 2874 καὶ
1401 2839 1622 2886 Ἀρίσταοχος.

1791 503 1815 544 5

1798 894 1845 918 10
