1956 3239
280 93 363 137 776
829 95 1243 137 APPENDIX.

277 205 456 246 fortasse
493 221 544 247 ex
575 207 741 249 scholiis
772 209 1071 263 integrioribus
1106 208 1300 263 petitam,
1329 208 1510 250 servavit
1543 206 1798 248 Eustathius

278 286 316 324 p.
338 274 457 326 1596,
477 275 515 314 6.

335 339 432 392 378,
455 351 514 392 17.
538 342 636 395 ὅτις]
662 344 768 385 ὅστις
790 343 835 383 Τ.

335 423 382 458 γε
404 421 484 448 om.
505 408 550 448 T.

335 474 432 527 380,
453 487 518 525 27.
543 476 706 525 ἐμπέσοι
729 477 877 530 αὐτοῖς]
904 476 1054 530 ἐμπέσῃ
1078 478 1121 517 ἐν
1142 477 1271 519 αὐτοῖς
1292 478 1342 518 Β.

335 542 432 595 381,
453 555 516 595 19.
539 543 748 597 ὀχουμένη]
772 543 976 597 ὠχουμένη
1000 543 1096 595 (Sic)
1121 544 1165 583 T.

333 608 431 661 382,
453 618 491 660 7.
515 609 574 648 καὶ
594 611 777 663 βρόχοις]
805 611 866 650 καὶ
887 624 966 650 om.
994 610 1042 661 Q.

333 674 430 727 382,
454 687 512 716 12.
540 676 748 728 ἐρχομένη]
775 678 968 729 ἐχόμενον
989 677 1098 730 apud
1131 677 1455 725 Buttmannum,
1482 677 1662 717 fortasse
1682 680 1802 731 typo-

276 740 405 780 theta>
435 755 575 781 errore
602 756 678 796 pro
709 743 938 795 ἐρχόμενον,
962 743 1074 797 quod
1095 743 1285 796 ἐρχομένη
1307 743 1573 784 scribendum
1601 748 1714 784 erat:
1749 744 1802 784 de

277 821 358 859 quo
380 808 543 848 monuit
565 808 876 849 Friedlaender.
900 810 1090 850 Ariston.
1114 825 1155 864 p.
1173 824 1213 862 4.

333 876 430 927 384,
453 888 514 925 14.
539 875 756 929 ἀλλήλους]
787 877 875 918 τοὺς
897 877 1097 927 ἀλλήλους
1119 876 1224 928 B.Q.

331 942 429 995 385,
446 955 486 995 3.
510 942 780 995 ἀπὸ-πυρὸς]
807 944 884 995 ἀπὸ
904 948 972 984 τοῦ
1000 945 1120 997 πυρὸς
1144 944 1221 985 ἀπὸ
1249 945 1419 997 ἀψύχων
1441 946 1496 986 εἰς
1515 945 1688 997 ἔμψυχα·
1723 943 1801 984 ἀπὸ

274 1009 350 1060 γὰρ
372 1012 439 1049 τοῦ
459 1009 576 1061 πυρὸς
598 1009 706 1062 EQ.

331 1076 429 1129 385,
449 1077 487 1116 6.
510 1078 852 1128 πεφροντισμένον
876 1078 1096 1119 Prellerus.
1140 1077 1456 1131 πεφορτισμένου
1474 1077 1521 1118 Τ.

331 1142 385 1195 38
389 1155 428 1194 5,
452 1156 510 1196 15.
537 1143 587 1183 In
610 1145 841 1185 εὐσθένειαν
860 1146 1071 1187 consentit
1093 1145 1347 1186 Eustathius
1368 1161 1407 1200 p.
1428 1158 1549 1200 1599,
1571 1146 1637 1186 28.

332 1210 429 1263 385,
452 1223 516 1251 21.
540 1213 721 1263 ἀρετᾶται
742 1213 963 1253 Prellerus.
1007 1216 1211 1266 ἀρετοῦται
1233 1214 1279 1253 T.

331 1278 431 1330 387,
454 1278 512 1317 16.
537 1278 616 1318 εἶεν
636 1279 782 1333 scripsi
804 1295 880 1334 pro
904 1281 1016 1321 εἶναι.

331 1344 429 1396 387.
447 1358 514 1397 32.
538 1347 577 1385 τί
595 1346 761 1386 addidit
782 1347 1003 1388 Prellerus.

331 1412 427 1463 388,
451 1425 511 1451 11.
534 1412 662 1466 αὐταὶ]
686 1413 796 1453 αὗται
820 1414 923 1465 E.Q.

330 1478 428 1529 389,
450 1488 513 1529 17.
539 1479 742 1532 ἐμπείρως]
768 1478 836 1518 Sic
859 1480 907 1519 T.
969 1479 1098 1533 Apud
1122 1479 1286 1520 Maium
1307 1480 1511 1530 ἐμπείρων,
1533 1478 1712 1519 fortasse
1734 1482 1799 1532 ty-

273 1543 460 1596 pothetae
482 1558 636 1585 errore.

331 1624 427 1664 390,
448 1625 511 1651 11.
537 1613 689 1668 ἐρεσίᾳ]
714 1612 851 1667 ἠρεσίᾳ
874 1614 930 1652 Τ.

329 1691 428 1731 392,
450 1692 512 1718 11.
536 1679 649 1733 αὐτὴ]
675 1681 766 1720 αὖτε
790 1681 844 1720 Τ.

329 1759 427 1800 392,
450 1760 515 1789 22.
540 1747 676 1802 ἔνθεν]
700 1749 796 1788 ἔνθα
818 1748 868 1788 Ε.

329 1826 429 1866 393,
452 1826 515 1854 20.
538 1816 906 1869 κατακεκοιμῆσθαι]
936 1819 1298 1866 κατακεκοιμεῖσθαι
1321 1815 1372 1866 Q.

329 1892 426 1934 393,
449 1893 511 1934 25.
535 1882 709 1933 ἔγνωστο
731 1882 879 1936 seripsi
900 1896 978 1936 pro
999 1882 1158 1934 ἔγνωτο.

330 1961 425 2001 394,
444 1950 482 1988 6.
507 1949 693 2003 καθόσον]
718 1951 873 2003 καθόσῳ
896 1950 947 1989 Β.

329 2028 383 2068 39
390 2029 429 2067 5,
454 2028 513 2069 13.
537 2021 637 2067 φησι
660 2016 882 2057 Prellerus.
930 2022 1030 2068 φασι
1053 2018 1107 2056 Τ.

328 2083 426 2135 396,
450 2096 483 2122 1.
505 2081 665 2123 Ἐπειοῦ
688 2084 750 2124 καὶ
773 2083 993 2124 Prellerus.
1043 2085 1127 2124 ἐπεὶ
1149 2085 1190 2124 δὲ
1211 2085 1279 2124 οὐκ
1302 2085 1357 2124 Τ.

329 2151 426 2203 396,
444 2151 482 2190 6.
505 2151 726 2206 βλάψασα]
747 2152 918 2204 βλάψας
941 2153 995 2192 Τ.

328 2218 425 2269 396,
447 2230 509 2257 10.
536 2217 800 2271 ᾠκοφθορεῖτο
823 2219 1045 2259 Prellerus.
1094 2220 1364 2270 οἶκοφθορεῖτο
1388 2220 1442 2257 Τ.

329 2285 427 2336 396,
448 2297 511 2323 11.
536 2286 641 2325 Post
664 2286 785 2336 ἰατροὶ
806 2285 849 2324 in
871 2285 920 2325 Τ.
942 2290 1007 2326 esf.
1028 2287 1158 2326 ὁπότε.

330 2360 426 2402 397,
446 2363 485 2403 9.
509 2355 643 2390 κοῖλον
662 2351 882 2391 Prellerus.
930 2351 1062 2392 κοινὸν
1083 2353 1138 2391 Τ.

327 2429 425 2466 400,
448 2418 512 2456 28.
535 2421 657 2459 κακῶς
679 2418 787 2458 ἔλθοι
810 2435 843 2458 ν.
867 2418 924 2458 ἐπ’
945 2420 980 2459 ἀ.
1005 2420 1126 2470 ἀλλὰ]
1155 2423 1276 2461 κακῶς
1298 2422 1382 2469 νῆα.
1433 2421 1540 2460 ἀλλὰ
1561 2421 1615 2460 Τ.

327 2496 424 2534 401,
447 2495 509 2535 17.
530 2484 759 2538 ῥαίσασθαι]
784 2485 922 2524 Immo
942 2485 1163 2537 ῥαίσεσθαι.

327 2563 424 2601 402,
446 2562 481 2590 2.
505 2551 744 2604 ἀπόλωνται]
768 2552 1021 2592 ἀπόλλωνται
1044 2553 1097 2592 Τ.

327 2629 424 2666 402,
442 2629 480 2670 3.
504 2617 575 2671 τῷ]
600 2617 643 2656 τὸ
667 2618 720 2656 Τ.
784 2617 851 2657 Sic
873 2620 1005 2668 ὅμοιόν
1028 2621 1111 2659 ἐστι
1131 2620 1182 2673 τῷ
1197 2646 1250 2651 -
1273 2635 1315 2673 p.
1338 2621 1436 2672 406,
1459 2632 1494 2673 7.
1517 2625 1561 2661 et
1581 2620 1694 2662 alibi.

327 2695 424 2733 402,
447 2695 508 2723 12.
532 2686 595 2723 διὰ
616 2686 698 2735 τοῦ]
725 2687 787 2724 διὰ
808 2685 851 2724 τὸ
877 2687 930 2725 Τ.

326 2764 423 2801 404,
446 2764 480 2790 Ι.
505 2752 761 2806 παραγώγου]
786 2757 1022 2805 παραγωγοῦ
1045 2753 1094 2804 Q.

326 2830 423 2868 404,
444 2830 508 2858 21.
529 2818 691 2871 παντὸς]
719 2821 910 2870 παρόντος
933 2820 983 2870 Q.

325 2896 422 2935 404,
443 2896 505 2937 25.
532 2889 627 2924 κατὰ
647 2885 715 2925 τὸν
739 2885 961 2926 Prellerus.
1010 2888 1070 2927 καὶ
1093 2888 1159 2927 τὸν
1179 2889 1232 2927 Τ.
