1956 3239
707 141 1127 184 APPENDIX.
1623 142 1706 184 759

245 265 338 302 221,
364 266 427 305 14.
452 252 810 304 ἔξω-οἰκουμένης
833 267 913 294 0111.
939 252 994 292 V.

245 337 341 373 221,
365 326 427 366 18.
445 325 649 377 πορφύρεα
671 325 821 378 ἔχουσα
842 325 1000 381 φύλλα]
1026 325 1093 366 Sic
1117 325 1187 373 T.,
1207 338 1290 364 non
1311 322 1541 374 πορφυρέαν
1558 323 1706 375 ἔχουσα

185 393 303 444 φυήν,
331 392 443 446 quod
474 391 615 445 posuit
644 391 867 432 Prellerus.
931 393 1042 433 Tota,
1066 396 1210 433 autem
1238 389 1459 431 annotatio
1492 390 1576 429 ἔστι
1607 390 1707 429 δὲ-

185 460 324 510 φύλλα
344 458 480 499 aliena
500 459 554 499 ab
575 459 654 499 hoc
677 459 779 499 loco.

245 537 341 573 222,
364 538 432 580 31.
457 525 674 581 παρήορον]
699 528 926 579 παρηγόρον
948 526 1053 578 B.Q.

245 605 341 642 224,
363 606 424 647 19.
458 594 500 633 ἐκ
527 596 595 633 τοῦ
622 595 718 634 κατὰ
740 594 874 645 καιρὸν
895 593 1095 647 πίνεσθαι]
1126 594 1160 633 εἶ
1179 594 1330 633 πίνοιτο
1353 589 1580 642 συμμέτρως
1601 587 1709 628 dixit

186 659 386 701 Eustath.
409 675 449 714 p.
472 672 591 714 1512,
614 673 678 703 12.

247 739 343 780 225,
365 741 404 781 3.
428 728 622 782 ἀγκύλην]
649 728 798 780 ἀγήνην
820 728 869 768 Ε.

246 804 340 849 225,
363 807 402 848 5.
445 794 501 849 ἐξ]
525 795 575 837 ὡς
597 796 637 845 ἐξ
660 795 709 847 Q.

247 872 342 914 225,
368 873 433 902 21.
458 861 609 917 νήσων]
635 862 772 913 νηυσὶν
795 863 847 901 Τ.

247 941 342 983 225,
368 942 432 984 23.
457 931 515 970 ὅτι
537 945 618 971 om.
643 931 698 970 T.

248 998 343 1046 226,
365 1009 430 1038 22.
455 997 649 1050 συνεργὸν
671 999 727 1037 Τ.
760 999 953 1049 σύνεργον
975 996 1079 1048 P.Q.

247 1075 344 1117 227,
372 1077 434 1105 10.
468 1065 535 1105 Ad
559 1066 656 1119 658.
691 1065 920 1117 ἀγάσσατο;
950 1063 1031 1115 μετ’
1066 1063 1286 1114 ἐκπλήξεως
1318 1062 1706 1115 ἐφθόνησενῖ-Τ,

189 1132 304 1171 Tum
335 1131 523 1186 sequitur
544 1133 739 1185 γράφεται
768 1131 1226 1182 ἀμειβόμενος;-ε’κτὸς
1248 1134 1330 1171 σῶν
1351 1129 1393 1170 δέ
1419 1132 1468 1182 (v.
1494 1130 1633 1183 665.):
1667 1128 1710 1168 τὸ

189 1201 275 1251 ἑξῆς
296 1200 406 1242 ἐκτὸς
427 1204 509 1241 σῶν
531 1200 561 1241 δ’
580 1200 709 1251 ἀέκητι
730 1203 881 1253 οἴχεται
898 1216 906 1240 ;
926 1224 980 1230 -

248 1277 344 1320 227,
362 1280 426 1307 11.
463 1267 512 1307 111
547 1267 744 1308 lemmate
777 1267 914 1307 scribe
947 1269 1170 1318 μνηστῆρας
1201 1280 1277 1320 pro
1311 1266 1540 1316 μνηστῆρες.
1603 1262 1712 1304 Nam

188 1333 289 1374 illud
309 1334 413 1389 legit
434 1335 673 1376 scholiasta.

248 1402 343 1451 228,
367 1403 403 1442 6.
429 1403 681 1453 αἱματόεντες
702 1402 990 1443 Buttmannus
1011 1415 1088 1455 pro
1111 1402 1351 1452 αἱματόεντε.

250 1470 344 1517 228,
366 1482 429 1510 12.
453 1470 602 1525 δυϊκῶς]
626 1473 792 1522 δωρικῶς
815 1470 862 1521 Q.

250 1549 348 1591 229,
368 1550 433 1578 ΙΙ.
457 1536 636 1593 Θρᾴκης]
660 1540 701 1578 δὲ
723 1537 865 1590 θράκης
887 1538 943 1577 Τ.

250 1615 347 1658 229,
370 1617 432 1645 12.
467 1604 642 1646 Brevius
675 1607 731 1645 T.
765 1607 825 1660 (p.
850 1607 939 1659 65.)
978 1606 1274 1656 ἐπισμυγερῶςε
1324 1602 1481 1648 ἀθλίως,
1518 1604 1713 1654 χαλεπῶς.

190 1670 381 1723 παρέλκει
402 1674 443 1713 δὲ
464 1673 487 1724 ἡ
509 1674 576 1714 ἐπί
587 1678 703 1714 z-——et
724 1673 863 1727 paullo
885 1671 1075 1726 superius
1092 1673 1150 1726 (p.
1169 1671 1256 1722 64.)
1276 1670 1325 1712 ὡς
1350 1668 1399 1709 ἂν
1422 1670 1712 1721 ἐπισμυγερῶς;

191 1739 294 1781 ὅπως
321 1743 505 1791 χαλεπῶς
534 1741 596 1780 καὶ
623 1741 814 1782 ἐπιπόνως
834 1741 856 1791 ἡ
878 1739 990 1793 χάρις
1021 1741 1088 1779 τοῦ
1117 1737 1262 1789 πατρὸς
1290 1737 1541 1777 ναυτίλλεται
1564 1735 1716 1790 (codex

255 1819 292 1842 λλ

193 1864 284 1932 ναῖυ)
311 1882 429 1922 τούτω
454 1879 702 1932 (τουτέστιῗ)
726 1877 936 1930 γενήσεται
953 1893 959 1917 :
976 1901 1032 1906 —-

252 1961 347 2002 229,
373 1961 441 2000 24.
463 1964 505 1988 τε
525 1945 592 2001 δὴ]
616 1962 658 1986 τε
680 1947 721 1985 δὲ
745 1944 795 1984 Ε.

253 2029 349 2071 230,
370 2016 433 2055 18.
457 2016 618 2066 μισοῦσι
643 2014 844 2064 (μισοῦσιν
865 2010 929 2051 ed.
947 2009 1150 2062 Mediol.),
1173 2008 1261 2050 τοὺς
1283 2007 1344 2063 δὲ]
1367 2010 1566 2058 μισοῦσιν,
1590 2007 1654 2049 οὓς
1676 2008 1717 2047 δὲ

194 2084 480 2124 Buttmannus
500 2080 644 2128 tacite,
667 2079 848 2119 fortasse
870 2091 921 2118 ex
944 2077 993 2117 Ρ.

253 2163 350 2205 230,
373 2163 434 2204 19.
459 2148 527 2189 τὸν
549 2161 629 2188 om.
654 2146 703 2197 Q.

253 2231 348 2272 231,
373 2230 435 2270 14.
459 2216 612 2269 γέλοιοι
634 2212 781 2267 scripsi
802 2227 878 2267 pro
900 2215 1065 2265 γελοῖοι.

254 2298 351 2339 232,
372 2298 404 2324 1.
427 2284 522 2324 ποία
541 2280 669 2336 λέξις]
694 2281 893 2321 Fortasse
914 2277 1155 2329 πεποιημένη
1176 2278 1198 2327 ἡ
1220 2275 1338 2326 λέξις.
1379 2275 1498 2315 Idem
1519 2274 1571 2315 de
1591 2274 1718 2315 verbo

192 2355 351 2406 ῥοχθεῖν
371 2354 603 2392 annotatur
622 2349 678 2389 ad
700 2365 733 2398 ε,
755 2360 852 2399 402.

254 2433 349 2475 232,
366 2431 401 2461 2.
437 2416 647 2472 θρηνῶδες]
678 2416 852 2468 θρηνώδη
887 2414 941 2454 Τ.
977 2412 1020 2452 in
1052 2426 1134 2466 quo
1165 2411 1317 2452 lemma,
1348 2409 1569 2464 praefixum
1601 2406 1716 2460 οἴκτρ’

195 2485 486 2540 ὀλοφυρομένη.

257 2566 351 2608 232,
376 2564 413 2606 7.
435 2552 645 2603 τοῦδαφος]
671 2550 714 2589 τὸ
738 2550 883 2601 ἔδαφος
905 2548 953 2599 Q.

258 2632 351 2674 232,
378 2628 442 2673 25.
469 2618 754 2669 ἆπροφώνητον
774 2613 937 2655 correxi
958 2627 1034 2667 pro
1057 2612 1383 2664 ἀπροσφώνητον.

258 2699 352 2741 232,
378 2687 442 2726 28.
466 2681 778 2736 ἇπολοφύρεται]
802 2680 1040 2732 ὀλοφύρεται
1064 2680 1118 2719 Τ.

258 2766 354 2808 233,
381 2765 446 2807 23.
470 2748 617 2804 φασὶν]
641 2749 739 2800 φησὶ
762 2748 810 2798 Q.

259 2834 357 2875 234,
381 2831 445 2859 21.
469 2818 639 2869 θόρυβον
660 2814 868 2867 ἐποίησαν]
895 2814 1144 2864 ἐθορύβησαν
1165 2813 1222 2852 Τ.

261 2899 354 2941 234,
377 2886 446 2940 36.
469 2880 732 2936 τροπωτῆρσι]
756 2882 945 2932 τροπῆρσι
967 2879 1030 2920 ed.
1057 2877 1231 2919 Mediol.

261 2963 356 3008 235,
381 2967 418 3007 9.
439 2951 462 3002 ἢ
483 2950 556 3005 τῷ]
581 2951 625 2990 ἐν
645 2950 696 3003 τῷ
720 2948 773 2987 Τ.
