1956 3239
682 115 1103 157 APPENDIX.
1577 119 1660 162 787

193 238 290 279 530,
310 239 375 267 20.
397 231 473 267 τῶν
493 241 572 268 om.
593 227 703 279 HQ.

187 306 286 346 530,
307 306 370 344 24.
395 292 484 347 οὖν]
511 296 552 334 δὲ
573 295 624 334 Τ.

186 371 286 412 531,
310 373 343 400 1.
369 360 652 410 ἀπειθήσαντες
675 363 768 412 αὐτῇ
792 362 1014 416 ἠτύχησαν]
1034 362 1303 414 ἀτυχήσαντες
1324 363 1565 412 ἐπείσθησαν
1584 363 1638 403 T.

184 436 283 480 531,
300 442 340 477 4.
365 428 450 467 ἀντὶ
472 427 616 481 scripsi
638 442 715 482 pro
738 430 813 468 ἐπί.

184 505 282 546 531,
304 504 340 545 7.
363 494 668 544 προσδιελέξατο
690 495 990 536 Buttmannus.
1036 495 1313 546 προδιελέξατο
1335 495 1440 545 B.Q.

183 569 283 611 531,
304 571 365 612 19.
389 561 456 600 τὰς
477 561 665 610 Σειρῆνας
686 573 767 599 om.
791 560 845 598 T.

182 637 280 677 531,
302 637 366 665 20.
388 628 477 675 μιᾶς
499 629 573 665 τῶν
597 629 873 667 Μουσῶνοῐῃ.
893 626 948 664 Τ.

184 692 464 745 ἆγαπησάσας]
491 693 751 745 ἀγαπησάσης
773 693 822 744 Ω.

182 770 280 812 531,
302 771 365 799 22.
388 762 595 811 τυρρηνίαν
611 761 658 800 Τ.
682 766 725 800 et
748 759 947 801 Eustath.
969 775 1010 814 p.
1032 772 1154 815 1709,
1172 774 1239 814 43.
1287 762 1497 812 τυρσηνίαν
1521 761 1629 813 Η.Ω.

182 823 501 880 Ἀνθεμοῦσσαν]
531 828 781 877 ἇνθεμοῦσαν
804 827 968 878 Η.Ω.Τ.
992 833 1035 868 et
1058 827 1258 868 Eustath.

181 902 280 945 531,
301 904 366 945 23.
390 891 648 947 Θελξιέπεια]
674 892 696 943 ἢ
719 895 969 945 Παρθενόπη,
994 894 1040 945 ἧς
1069 895 1128 934 καὶ
1159 897 1289 945 μνῆμα
1316 897 1420 946 παρὰ
1449 895 1648 935 Νεαπολί-

125 974 218 1008 ταις,
252 959 392 1011 Λίγεια
423 960 485 999 καὶ
516 961 722 1000 Λευκωσία
751 960 873 1000 addit
896 960 942 1000 T.
1006 961 1108 1012 Quae
1139 975 1191 1000 ex
1214 960 1443 1002 Eustathio
1464 976 1504 1015 p.
1527 972 1648 1015 1709,

122 1025 192 1076 46.
207 1024 326 1066 illata
347 1025 542 1066 videntur
557 1042 565 1066 :
595 1041 647 1066 ex
664 1041 745 1080 quo
762 1026 890 1067 etiam
903 1026 1146 1078 Ἀμυθάονος
1162 1031 1360 1075 sumtum,
1379 1028 1489 1081 quod
1508 1027 1555 1067 T.
1573 1042 1648 1082 pro

124 1092 355 1144 Πορθάονος
374 1093 503 1134 habet
524 1093 592 1133 lin.
613 1107 678 1135 20.

179 1173 280 1214 531,
298 1171 364 1214 29.
395 1164 463 1200 τοῦ
493 1166 551 1212 σφ
573 1161 926 1213 ἀντωνυμία-πρὸ
956 1161 1085 1216 αὐτῆς]
1119 1161 1186 1202 Sic
1217 1161 1378 1202 correxi
1400 1161 1512 1215 quod
1540 1160 1644 1202 Gra-

121 1240 262 1267 merus
290 1241 342 1267 ex
364 1227 418 1267 H.
439 1232 639 1281 posuerat
660 1230 726 1277 τῆς
750 1232 841 1280 σφῶ
869 1229 1154 1279 ἀντωνυμίας-
1168 1228 1261 1280 πρὸς
1285 1229 1413 1277 αὐτῆς.
1477 1227 1645 1269 Scholio

121 1293 177 1334 ad
200 1293 249 1333 Il.
276 1294 306 1343 ζ,
324 1296 437 1348 367.,
460 1295 572 1349 quod
592 1294 635 1334 in
662 1294 936 1335 annotatione
958 1295 1210 1349 comparavi,
1231 1294 1331 1335 addi
1352 1299 1494 1348 potest
1514 1295 1644 1349 Apol-

120 1361 201 1402 lon.
224 1361 276 1401 de
296 1375 485 1415 pronom.
508 1376 550 1415 p.
568 1362 663 1414 376.
688 1362 728 1401 αἱ
748 1363 810 1401 διὰ
830 1365 898 1401 τοῦ
919 1367 978 1414 σφ
1001 1363 1260 1414 ἐκφερόμεναι
1281 1362 1528 1411 ἆντωνυμίαι.

177 1440 276 1483 533,
295 1429 333 1468 8.
358 1428 524 1481 καπνοῦ]
546 1428 726 1468 Addunt·
742 1427 854 1480 HUQ
879 1428 1043 1480 φέρουσι
1065 1430 1107 1469 δὲ
1127 1429 1278 1480 τροφὴν
1298 1430 1397 1479 ὕδωρ
1420 1428 1645 1469 θαλάσσιον

121 1496 173 1551 τῷ
195 1497 304 1550 ἡλίῳ·
339 1496 399 1536 καὶ
421 1495 595 1535 Πλάτων
618 1497 660 1535 ἐν
678 1495 834 1549 Φαίδρῳ
858 1497 937 1535 Δία
955 1496 1067 1547 φησί.
1130 1495 1232 1546 Quae
1254 1500 1394 1536 sumta
1415 1510 1467 1536 ex
1488 1495 1643 1535 scholio

120 1562 311 1617 proximo
332 1562 402 1602 lin.
427 1575 487 1615 ¹3-
510 1562 581 1602 ubi
609 1562 756 1603 eadem
786 1562 973 1616 pleniora
1002 1562 1157 1603 iterum
1186 1562 1316 1603 habet
1338 1562 1403 1614 Q„
1428 1562 1507 1602 nisi
1529 1562 1643 1615 quod

120 1629 173 1683 τῷ
199 1633 299 1670 ante
329 1630 427 1683 ἡλίῳ
458 1628 632 1669 omittit.
695 1628 941 1669 Proximum
971 1628 1157 1668 scholion
1188 1629 1272 1679 ἤτοι
1301 1629 1642 1677 μυθικῶς-ἐλαύ-

121 1712 180 1736 νει
202 1695 261 1735 H.
285 1695 416 1736 habet
436 1707 534 1749 post
556 1696 755 1747 ἀμβροσία
776 1695 802 1735 l.
824 1698 884 1735 18.

176 1774 274 1816 535,
298 1776 357 1802 10.
380 1763 402 1812 ἡ
425 1762 571 1816 scripsi
593 1776 668 1815 pro
689 1762 727 1812 ἤ.

176 1831 273 1884 536,
296 1831 356 1870 16.
382 1829 539 1870 Seclusi
556 1833 707 1880 πετρῶν
723 1844 730 1868 :
761 1827 840 1868 nisi
857 1828 949 1883 quis
965 1832 1039 1869 τῶν
1056 1830 1333 1881 δολιχοὸείρων
1348 1832 1500 1879 πετρῶν
1516 1828 1641 1869 scribi

120 1896 232 1937 velit.
273 1896 316 1936 τὸ
338 1898 606 1949 δολιχόδειρον
623 1898 689 1945 τῆς
710 1896 888 1946 Σκύλλης
909 1895 1017 1935 dixit
1040 1895 1237 1935 Eustath.
1262 1910 1300 1949 p.
1322 1906 1441 1947 1714,
1464 1908 1527 1950 19.

176 1964 274 2018 536,
295 1975 357 2017 17.
382 1961 599 2017 σπηλαίου]
622 1965 736 2003 λαίου
757 1962 870 2016 apud
891 1962 1148 2004 Cramerum.

176 2042 273 2085 537,
291 2041 331 2085 5.
354 2034 398 2071 et
417 2043 515 2085 539,
536 2043 598 2084 13.
621 2030 801 2082 στίχους]
828 2029 1015 2070 Praestat
1033 2031 1228 2082 στοίχους.
1270 2031 1516 2082 τριστοίχους
1533 2031 1642 2070 ὀδόν-

119 2115 189 2141 τας
210 2098 317 2138 dixit
337 2102 464 2152 poeta
480 2112 516 2137 v.
538 2111 605 2151 90.

176 2175 275 2219 537,
299 2167 365 2206 28.
388 2166 555 2216 ὁρμῆσαι
576 2162 721 2217 scripsi
743 2177 820 2217 pro
842 2165 973 2214 ὁρμῆς.
1022 2163 1218 2204 Ceterum
1238 2161 1401 2216 longius
1421 2161 1500 2200 hoc
1521 2160 1640 2201 scho-

119 2232 204 2273 lion
226 2246 278 2272 ex
299 2231 461 2271 duobus
482 2230 721 2284 pluribusve
745 2229 911 2270 scholiis
933 2229 1184 2270 conflatum:
1218 2228 1328 2268 unde
1349 2227 1640 2282 explicandum

121 2299 232 2354 quod
254 2299 399 2340 eadem
420 2298 512 2352 plus
534 2297 661 2338 semel
680 2297 723 2336 in
743 2311 794 2337 eo
815 2296 1023 2337 dicuntur.

176 2368 277 2420 538,
295 2380 335 2421 3.
357 2364 593 2419 πλεκτάναι]
617 2364 832 2406 πλεκτάνες
853 2364 902 2415 Ω.

176 2433 276 2487 538,
295 2445 360 2485 13.
383 2431 640 2483 ἰσομεγέθεις]
669 2430 921 2481 ἰσομεγέθους
942 2430 992 2480 Ω.

176 2499 274 2552 538,
294 2499 358 2537 18.
380 2514 416 2536 τι
437 2496 581 2549 scripsi
603 2510 679 2549 pro
700 2513 771 2535 τοι.

177 2565 276 2619 538,
294 2577 358 2617 19.
382 2564 527 2615 δειρὰς]
554 2565 669 2613 ὃηρᾶς
690 2563 739 2613 Ω.

178 2632 274 2685 538,
296 2643 362 2670 20.
387 2628 652 2680 καθειμένους]
674 2628 896 2678 καθειμέναι
912 2629 1024 2682 apud
1042 2628 1287 2670 Cramerum
1303 2642 1354 2668 ex
1372 2627 1444 2674 H„
1463 2627 1641 2668 fortasse

120 2697 249 2752 ipsius
270 2710 422 2737 errore.

175 2775 273 2817 540,
292 2766 331 2803 6.
354 2762 499 2816 ὅσπερ]
523 2763 617 2812 ὅπερ
639 2762 702 2813 Q„
724 2760 803 2800 nisi
823 2774 940 2800 error
960 2761 1194 2814 typothetae
1215 2765 1278 2800 est
1303 2759 1414 2813 apud
1435 2758 1612 2798 Maium.

177 2843 274 2883 540,
296 2840 356 2884 15.
379 2830 539 2879 ἄμεινον
560 2829 601 2868 δὲ
617 2827 690 2882 τῷ]
716 2827 765 2866 In
786 2826 849 2866 his
870 2826 1027 2879 aliquid
1047 2827 1280 2867 turbatum.
1321 2824 1504 2864 Videtur
1521 2823 1640 2863 scho-

120 2899 245 2939 liasta
261 2898 397 2938 dicere
418 2896 565 2937 melius
586 2910 675 2936 esse
693 2897 770 2946 τρίς
785 2895 836 2934 de
857 2908 1029 2935 numero
1049 2894 1170 2934 finito
1191 2892 1434 2946 intelligere,
1453 2890 1511 2930 ἐπ’
1526 2890 1642 2941 ἤματι

843 2977 912 3017 3Γ
