<?xml version="1.0" encoding="UTF-8"?>
<!DOCTYPE html PUBLIC "-//W3C//DTD XHTML 1.0 Transitional//EN"
    "http://www.w3.org/TR/xhtml1/DTD/xhtml1-transitional.dtd">
<html xmlns="http://www.w3.org/1999/xhtml" xml:lang="en" lang="en">
 <head>
  <title>
</title>
<meta http-equiv="Content-Type" content="text/html;charset=utf-8" />
  <meta name='ocr-system' content='tesseract 3.04.00' />
  <meta name='ocr-capabilities' content='ocr_page ocr_carea ocr_par ocr_line ocrx_word'/>
</head>
<body>
  <div class='ocr_page' id='page_1' title='image "./scholiagraeodyss02homeuoft_0360.png"; bbox 0 0 1956 3239; ppageno 0'>
   <div class='ocr_carea' id='block_1_1' title="bbox 353 98 1327 141">
    <p class='ocr_par' dir='ltr' id='par_1_1' title="bbox 353 98 1327 141">
     <span class='ocr_line' id='line_1_1' title="bbox 353 98 1327 141; baseline -0.002 0"><span class='ocrx_word' id='word_1_1' title='bbox 353 98 437 141; x_wconf 79' lang='lat'>756</span> <span class='ocrx_word' id='word_1_2' title='bbox 902 99 1327 140; x_wconf 90' lang='lat' dir='ltr'><strong>APPENDIX.</strong></span> 
     </span>
    </p>
   </div>
   <div class='ocr_carea' id='block_1_2' title="bbox 352 210 1890 2960">
    <p class='ocr_par' dir='ltr' id='par_1_2' title="bbox 353 210 1880 332">
     <span class='ocr_line' id='line_1_2' title="bbox 413 210 1880 269; baseline 0.001 -16"><span class='ocrx_word' id='word_1_3' title='bbox 413 215 505 265; x_wconf 85' lang='lat'>176,</span> <span class='ocrx_word' id='word_1_4' title='bbox 531 227 592 267; x_wconf 93' lang='grc'>19.</span> <span class='ocrx_word' id='word_1_5' title='bbox 624 212 804 269; x_wconf 80' lang='grc' dir='ltr'>ποιητής]</span> <span class='ocrx_word' id='word_1_6' title='bbox 837 213 996 264; x_wconf 81' lang='grc' dir='ltr'>ποιητὴς</span> <span class='ocrx_word' id='word_1_7' title='bbox 1026 214 1115 255; x_wconf 81' lang='grc' dir='ltr'>τοὺς</span> <span class='ocrx_word' id='word_1_8' title='bbox 1146 211 1431 266; x_wconf 83' lang='grc' dir='ltr'>φωτιζομένυυς</span> <span class='ocrx_word' id='word_1_9' title='bbox 1455 211 1530 252; x_wconf 81' lang='grc' dir='ltr'>ὑπὸ</span> <span class='ocrx_word' id='word_1_10' title='bbox 1551 213 1665 263; x_wconf 85' lang='grc' dir='ltr'>ἡλίου</span> <span class='ocrx_word' id='word_1_11' title='bbox 1687 214 1828 255; x_wconf 82' lang='grc' dir='ltr'>τόπους</span> <span class='ocrx_word' id='word_1_12' title='bbox 1856 210 1880 262; x_wconf 80' lang='grc' dir='ltr'><strong>ἢ</strong></span> 
     </span>
     <span class='ocr_line' id='line_1_3' title="bbox 353 280 681 332; baseline 0.006 -13"><span class='ocrx_word' id='word_1_13' title='bbox 353 280 520 332; x_wconf 77' lang='grc' dir='ltr'>σελήνης</span> <span class='ocrx_word' id='word_1_14' title='bbox 536 296 544 321; x_wconf 91' lang='lat'>:</span> <span class='ocrx_word' id='word_1_15' title='bbox 559 306 615 311; x_wconf 89' lang='lat'>——</span> <span class='ocrx_word' id='word_1_16' title='bbox 632 281 681 321; x_wconf 91' lang='lat' dir='ltr'>T.</span> 
     </span>
    </p>

    <p class='ocr_par' dir='ltr' id='par_1_3' title="bbox 412 347 1236 402">
     <span class='ocr_line' id='line_1_4' title="bbox 412 347 1236 402; baseline -0.001 -14"><span class='ocrx_word' id='word_1_17' title='bbox 412 359 505 402; x_wconf 86' lang='grc'>177,</span> <span class='ocrx_word' id='word_1_18' title='bbox 527 361 591 390; x_wconf 87' lang='grc'>12.</span> <span class='ocrx_word' id='word_1_19' title='bbox 613 347 806 402; x_wconf 75' lang='grc' dir='ltr'>χέρνιβαε</span> <span class='ocrx_word' id='word_1_20' title='bbox 841 350 1078 402; x_wconf 85' lang='grc' dir='ltr'>χερόνιπτρα</span> <span class='ocrx_word' id='word_1_21' title='bbox 1098 365 1172 389; x_wconf 80' lang='lat' dir='ltr'>z-—-</span> <span class='ocrx_word' id='word_1_22' title='bbox 1190 348 1236 387; x_wconf 89' lang='lat' dir='ltr'>T.</span> 
     </span>
    </p>

    <p class='ocr_par' dir='ltr' id='par_1_4' title="bbox 415 416 1137 470">
     <span class='ocr_line' id='line_1_5' title="bbox 415 416 1137 470; baseline 0 -15"><span class='ocrx_word' id='word_1_23' title='bbox 415 426 506 468; x_wconf 87' lang='lat'>177,</span> <span class='ocrx_word' id='word_1_24' title='bbox 527 425 593 470; x_wconf 83' lang='lat'><strong>25.</strong></span> <span class='ocrx_word' id='word_1_25' title='bbox 614 416 848 470; x_wconf 82' lang='grc' dir='ltr'>βούλοιντο]</span> <span class='ocrx_word' id='word_1_26' title='bbox 876 417 1064 466; x_wconf 83' lang='grc' dir='ltr'>βούλοιτο</span> <span class='ocrx_word' id='word_1_27' title='bbox 1088 416 1137 467; x_wconf 90' lang='lat' dir='ltr'>Q.</span> 
     </span>
    </p>

    <p class='ocr_par' dir='ltr' id='par_1_5' title="bbox 415 470 1713 538">
     <span class='ocr_line' id='line_1_6' title="bbox 415 470 1713 538; baseline 0 -16"><span class='ocrx_word' id='word_1_28' title='bbox 415 483 506 536; x_wconf 86' lang='grc'>178,</span> <span class='ocrx_word' id='word_1_29' title='bbox 530 470 590 534; x_wconf 71' lang='grc'>17.</span> <span class='ocrx_word' id='word_1_30' title='bbox 616 482 882 538; x_wconf 76' lang='grc' dir='ltr'>δεικνύμενος]</span> <span class='ocrx_word' id='word_1_31' title='bbox 907 481 1164 533; x_wconf 80' lang='grc' dir='ltr'>δεξιούμενος,</span> <span class='ocrx_word' id='word_1_32' title='bbox 1191 483 1558 534; x_wconf 82' lang='grc' dir='ltr'>φιλοφρονούμενος</span> <span class='ocrx_word' id='word_1_33' title='bbox 1573 497 1581 522; x_wconf 90' lang='lat'>:</span> <span class='ocrx_word' id='word_1_34' title='bbox 1596 483 1713 522; x_wconf 88' lang='lat' dir='ltr'><strong>—T.</strong></span> 
     </span>
    </p>

    <p class='ocr_par' dir='ltr' id='par_1_6' title="bbox 414 550 988 605">
     <span class='ocr_line' id='line_1_7' title="bbox 414 550 988 605; baseline 0.002 -16"><span class='ocrx_word' id='word_1_35' title='bbox 414 561 507 605; x_wconf 78' lang='lat'>179,</span> <span class='ocrx_word' id='word_1_36' title='bbox 528 564 588 591; x_wconf 87' lang='lat'><strong>10.</strong></span> <span class='ocrx_word' id='word_1_37' title='bbox 612 550 810 603; x_wconf 83' lang='grc' dir='ltr'>γραπτέον</span> <span class='ocrx_word' id='word_1_38' title='bbox 832 565 913 591; x_wconf 90' lang='lat' dir='ltr'><strong>om.</strong></span> <span class='ocrx_word' id='word_1_39' title='bbox 939 551 988 590; x_wconf 91' lang='lat' dir='ltr'>T.</span> 
     </span>
    </p>

    <p class='ocr_par' dir='ltr' id='par_1_7' title="bbox 415 616 939 672">
     <span class='ocr_line' id='line_1_8' title="bbox 415 616 939 672; baseline 0.002 -15"><span class='ocrx_word' id='word_1_40' title='bbox 415 629 511 672; x_wconf 84' lang='lat'>179,</span> <span class='ocrx_word' id='word_1_41' title='bbox 534 631 594 658; x_wconf 89' lang='lat'>11.</span> <span class='ocrx_word' id='word_1_42' title='bbox 621 616 733 672; x_wconf 81' lang='grc' dir='ltr'>ἐστε]</span> <span class='ocrx_word' id='word_1_43' title='bbox 757 618 869 658; x_wconf 83' lang='grc' dir='ltr'>ἔσται</span> <span class='ocrx_word' id='word_1_44' title='bbox 891 618 939 658; x_wconf 89' lang='grc' dir='ltr'>Τ.</span> 
     </span>
    </p>

    <p class='ocr_par' dir='ltr' id='par_1_8' title="bbox 353 683 1886 860">
     <span class='ocr_line' id='line_1_9' title="bbox 415 683 1885 739; baseline 0.002 -14"><span class='ocrx_word' id='word_1_45' title='bbox 415 686 509 733; x_wconf 83' lang='grc'>180,</span> <span class='ocrx_word' id='word_1_46' title='bbox 537 698 602 736; x_wconf 78' lang='lat'>24.</span> <span class='ocrx_word' id='word_1_47' title='bbox 636 684 707 724; x_wconf 91' lang='lat' dir='ltr'>Ad</span> <span class='ocrx_word' id='word_1_48' title='bbox 729 700 763 725; x_wconf 89' lang='lat' dir='ltr'><strong>v.</strong></span> <span class='ocrx_word' id='word_1_49' title='bbox 791 685 856 737; x_wconf 86' lang='lat'><strong>76.</strong></span> <span class='ocrx_word' id='word_1_50' title='bbox 880 683 1042 734; x_wconf 76' lang='grc' dir='ltr'>ξύνετοε</span> <span class='ocrx_word' id='word_1_51' title='bbox 1075 687 1258 735; x_wconf 83' lang='grc' dir='ltr'>συνῆκεν,</span> <span class='ocrx_word' id='word_1_52' title='bbox 1283 686 1454 736; x_wconf 84' lang='grc' dir='ltr'>ἤκουσεν</span> <span class='ocrx_word' id='word_1_53' title='bbox 1470 702 1477 727; x_wconf 93' lang='lat'>:</span> <span class='ocrx_word' id='word_1_54' title='bbox 1496 711 1553 716; x_wconf 92' lang='grc'>--</span> <span class='ocrx_word' id='word_1_55' title='bbox 1570 686 1641 726; x_wconf 88' lang='lat' dir='ltr'>Ad</span> <span class='ocrx_word' id='word_1_56' title='bbox 1663 701 1698 727; x_wconf 89' lang='lat' dir='ltr'><strong>v.</strong></span> <span class='ocrx_word' id='word_1_57' title='bbox 1724 687 1789 739; x_wconf 89' lang='grc'>78.</span> <span class='ocrx_word' id='word_1_58' title='bbox 1811 687 1885 739; x_wconf 84' lang='grc' dir='ltr'>ἐρί-</span> 
     </span>
     <span class='ocr_line' id='line_1_10' title="bbox 355 752 1886 804; baseline 0.001 -11"><span class='ocrx_word' id='word_1_59' title='bbox 355 754 410 802; x_wconf 79' lang='grc' dir='ltr'>ζοι</span> <span class='ocrx_word' id='word_1_60' title='bbox 430 769 437 793; x_wconf 89' lang='lat'>:</span> <span class='ocrx_word' id='word_1_61' title='bbox 470 753 684 802; x_wconf 74' lang='grc' dir='ltr'>ἐξισωθείη,</span> <span class='ocrx_word' id='word_1_62' title='bbox 707 753 925 803; x_wconf 86' lang='grc' dir='ltr'>ὁμοιωθείη.</span> <span class='ocrx_word' id='word_1_63' title='bbox 962 752 1025 792; x_wconf 81' lang='grc' dir='ltr'>καὶ</span> <span class='ocrx_word' id='word_1_64' title='bbox 1045 754 1122 804; x_wconf 77' lang='grc' dir='ltr'>γὰρ</span> <span class='ocrx_word' id='word_1_65' title='bbox 1145 753 1164 791; x_wconf 87' lang='grc' dir='ltr'>ὁ</span> <span class='ocrx_word' id='word_1_66' title='bbox 1192 753 1325 804; x_wconf 79' lang='grc' dir='ltr'>ἐρίζων</span> <span class='ocrx_word' id='word_1_67' title='bbox 1354 755 1415 793; x_wconf 79' lang='grc' dir='ltr'>διὰ</span> <span class='ocrx_word' id='word_1_68' title='bbox 1435 753 1480 793; x_wconf 84' lang='grc' dir='ltr'>τὸ</span> <span class='ocrx_word' id='word_1_69' title='bbox 1510 754 1743 804; x_wconf 75' lang='grc' dir='ltr'>ἐξισωθῆναι</span> <span class='ocrx_word' id='word_1_70' title='bbox 1765 754 1886 795; x_wconf 83' lang='grc' dir='ltr'>αὐτὸν</span> 
     </span>
     <span class='ocr_line' id='line_1_11' title="bbox 353 819 750 860; baseline -0.003 0"><span class='ocrx_word' id='word_1_71' title='bbox 353 822 466 860; x_wconf 85' lang='grc' dir='ltr'>τοῦτο</span> <span class='ocrx_word' id='word_1_72' title='bbox 487 824 614 860; x_wconf 83' lang='grc' dir='ltr'>ποιεῖ;</span> <span class='ocrx_word' id='word_1_73' title='bbox 630 844 686 850; x_wconf 89' lang='lat'>-—</span> <span class='ocrx_word' id='word_1_74' title='bbox 702 819 750 859; x_wconf 90' lang='grc' dir='ltr'>Τ.</span> 
     </span>
    </p>

    <p class='ocr_par' dir='ltr' id='par_1_9' title="bbox 352 887 1888 1210">
     <span class='ocr_line' id='line_1_12' title="bbox 415 887 1887 940; baseline 0.001 -13"><span class='ocrx_word' id='word_1_75' title='bbox 415 888 510 938; x_wconf 91' lang='grc'>181,</span> <span class='ocrx_word' id='word_1_76' title='bbox 532 901 571 940; x_wconf 91' lang='grc'>9.</span> <span class='ocrx_word' id='word_1_77' title='bbox 604 889 837 937; x_wconf 85' lang='grc' dir='ltr'>ἐπαληθείς;</span> <span class='ocrx_word' id='word_1_78' title='bbox 870 888 956 928; x_wconf 82' lang='grc' dir='ltr'>ἀντὶ</span> <span class='ocrx_word' id='word_1_79' title='bbox 987 892 1055 928; x_wconf 81' lang='grc' dir='ltr'>τοῦ</span> <span class='ocrx_word' id='word_1_80' title='bbox 1083 887 1299 937; x_wconf 82' lang='grc' dir='ltr'>πλανηθεὶς</span> <span class='ocrx_word' id='word_1_81' title='bbox 1331 888 1393 927; x_wconf 84' lang='grc' dir='ltr'>καὶ</span> <span class='ocrx_word' id='word_1_82' title='bbox 1423 889 1743 940; x_wconf 87' lang='grc' dir='ltr'>παραγενόμενος</span> <span class='ocrx_word' id='word_1_83' title='bbox 1758 904 1887 929; x_wconf 71' lang='grc' dir='ltr'>ε-τε-</span> 
     </span>
     <span class='ocr_line' id='line_1_13' title="bbox 353 954 1888 1009; baseline 0 -13"><span class='ocrx_word' id='word_1_84' title='bbox 353 954 544 996; x_wconf 87' lang='grc' dir='ltr'>λέθουσιν</span> <span class='ocrx_word' id='word_1_85' title='bbox 568 956 622 1007; x_wconf 91' lang='lat' dir='ltr'><strong>(v.</strong></span> <span class='ocrx_word' id='word_1_86' title='bbox 648 956 735 1009; x_wconf 85' lang='lat'><strong>85.)</strong></span> <span class='ocrx_word' id='word_1_87' title='bbox 767 956 854 996; x_wconf 84' lang='grc' dir='ltr'>ἀντὶ</span> <span class='ocrx_word' id='word_1_88' title='bbox 885 958 952 995; x_wconf 85' lang='grc' dir='ltr'>τοῦ</span> <span class='ocrx_word' id='word_1_89' title='bbox 984 958 1200 1007; x_wconf 82' lang='grc' dir='ltr'>γεννῶνται</span> <span class='ocrx_word' id='word_1_90' title='bbox 1219 956 1524 1007; x_wconf 70' lang='grc' dir='ltr'>ῑ-Αἷγνπτίους</span> <span class='ocrx_word' id='word_1_91' title='bbox 1556 957 1790 1007; x_wconf 87' lang='grc' dir='ltr'>ἐπαληθείς;</span> <span class='ocrx_word' id='word_1_92' title='bbox 1824 957 1888 996; x_wconf 85' lang='grc' dir='ltr'>ἐπὶ</span> 
     </span>
     <span class='ocr_line' id='line_1_14' title="bbox 353 1022 1887 1075; baseline -0.001 -11"><span class='ocrx_word' id='word_1_93' title='bbox 353 1023 443 1065; x_wconf 83' lang='grc' dir='ltr'>τοὺς</span> <span class='ocrx_word' id='word_1_94' title='bbox 473 1023 710 1075; x_wconf 85' lang='grc' dir='ltr'>Αἰγυπτίους</span> <span class='ocrx_word' id='word_1_95' title='bbox 740 1023 966 1073; x_wconf 86' lang='grc' dir='ltr'>πλανηθείς.</span> <span class='ocrx_word' id='word_1_96' title='bbox 1001 1023 1037 1062; x_wconf 79' lang='grc' dir='ltr'>οἳ</span> <span class='ocrx_word' id='word_1_97' title='bbox 1068 1023 1110 1062; x_wconf 79' lang='grc' dir='ltr'>δὲ</span> <span class='ocrx_word' id='word_1_98' title='bbox 1143 1022 1206 1062; x_wconf 82' lang='grc' dir='ltr'>ἐπὶ</span> <span class='ocrx_word' id='word_1_99' title='bbox 1237 1022 1326 1064; x_wconf 85' lang='grc' dir='ltr'>τοὺς</span> <span class='ocrx_word' id='word_1_100' title='bbox 1354 1023 1516 1072; x_wconf 85' lang='grc' dir='ltr'>ἀληθεῖς</span> <span class='ocrx_word' id='word_1_101' title='bbox 1547 1023 1794 1074; x_wconf 84' lang='grc' dir='ltr'>Αἰγυπτίους,</span> <span class='ocrx_word' id='word_1_102' title='bbox 1828 1023 1887 1063; x_wconf 86' lang='grc' dir='ltr'>ὅτι</span> 
     </span>
     <span class='ocr_line' id='line_1_15' title="bbox 352 1089 1886 1144; baseline -0.001 -13"><span class='ocrx_word' id='word_1_103' title='bbox 352 1094 530 1144; x_wconf 83' lang='grc' dir='ltr'>μαγικοῖς</span> <span class='ocrx_word' id='word_1_104' title='bbox 555 1092 678 1142; x_wconf 81' lang='lat' dir='ltr'><strong>(corr.</strong></span> <span class='ocrx_word' id='word_1_105' title='bbox 699 1093 876 1142; x_wconf 83' lang='grc' dir='ltr'>μαγικῆς.</span> <span class='ocrx_word' id='word_1_106' title='bbox 915 1090 1100 1140; x_wconf 84' lang='grc' dir='ltr'>μαντικῆς</span> <span class='ocrx_word' id='word_1_107' title='bbox 1122 1094 1186 1130; x_wconf 73' lang='lat' dir='ltr'>est</span> <span class='ocrx_word' id='word_1_108' title='bbox 1207 1089 1249 1129; x_wconf 88' lang='lat' dir='ltr'>in</span> <span class='ocrx_word' id='word_1_109' title='bbox 1271 1089 1428 1131; x_wconf 81' lang='lat' dir='ltr'>scholio</span> <span class='ocrx_word' id='word_1_110' title='bbox 1452 1089 1505 1129; x_wconf 91' lang='lat' dir='ltr'>V.</span> <span class='ocrx_word' id='word_1_111' title='bbox 1530 1105 1570 1144; x_wconf 91' lang='lat' dir='ltr'>p.</span> <span class='ocrx_word' id='word_1_112' title='bbox 1589 1089 1685 1139; x_wconf 84' lang='lat'>181,</span> <span class='ocrx_word' id='word_1_113' title='bbox 1712 1091 1797 1142; x_wconf 87' lang='lat'><strong>10.)</strong></span> <span class='ocrx_word' id='word_1_114' title='bbox 1821 1089 1886 1141; x_wconf 84' lang='grc' dir='ltr'>ἔμ-</span> 
     </span>
     <span class='ocr_line' id='line_1_16' title="bbox 355 1157 637 1210; baseline 0 -11"><span class='ocrx_word' id='word_1_115' title='bbox 355 1175 482 1210; x_wconf 87' lang='grc' dir='ltr'>πειροι</span> <span class='ocrx_word' id='word_1_116' title='bbox 498 1175 565 1199; x_wconf 94' lang='lat'>:—</span> <span class='ocrx_word' id='word_1_117' title='bbox 588 1157 637 1199; x_wconf 88' lang='lat' dir='ltr'>T.</span> 
     </span>
    </p>

    <p class='ocr_par' dir='ltr' id='par_1_10' title="bbox 355 1223 1888 1402">
     <span class='ocr_line' id='line_1_17' title="bbox 414 1223 1884 1279; baseline -0.001 -14"><span class='ocrx_word' id='word_1_118' title='bbox 414 1227 506 1275; x_wconf 83' lang='lat'>181,</span> <span class='ocrx_word' id='word_1_119' title='bbox 527 1239 590 1266; x_wconf 85' lang='grc'>11.</span> <span class='ocrx_word' id='word_1_120' title='bbox 613 1226 836 1267; x_wconf 87' lang='grc' dir='ltr'>Σιδονίους;</span> <span class='ocrx_word' id='word_1_121' title='bbox 872 1225 959 1266; x_wconf 83' lang='grc' dir='ltr'>τοὺς</span> <span class='ocrx_word' id='word_1_122' title='bbox 987 1226 1092 1276; x_wconf 80' lang='grc' dir='ltr'>παρὰ</span> <span class='ocrx_word' id='word_1_123' title='bbox 1115 1223 1271 1277; x_wconf 77' lang='lat' dir='ltr'>(minus</span> <span class='ocrx_word' id='word_1_124' title='bbox 1301 1225 1408 1265; x_wconf 82' lang='lat' dir='ltr'>bene</span> <span class='ocrx_word' id='word_1_125' title='bbox 1429 1225 1514 1277; x_wconf 75' lang='grc' dir='ltr'>περὶ</span> <span class='ocrx_word' id='word_1_126' title='bbox 1537 1229 1602 1266; x_wconf 75' lang='lat' dir='ltr'>est</span> <span class='ocrx_word' id='word_1_127' title='bbox 1624 1240 1663 1279; x_wconf 92' lang='lat' dir='ltr'><strong>p.</strong></span> <span class='ocrx_word' id='word_1_128' title='bbox 1686 1225 1779 1274; x_wconf 88' lang='grc'>181,</span> <span class='ocrx_word' id='word_1_129' title='bbox 1799 1227 1884 1277; x_wconf 87' lang='lat'><strong>12.)</strong></span> 
     </span>
     <span class='ocr_line' id='line_1_18' title="bbox 355 1291 1888 1347; baseline -0.001 -14"><span class='ocrx_word' id='word_1_130' title='bbox 355 1293 426 1343; x_wconf 77' lang='grc' dir='ltr'>τὴν</span> <span class='ocrx_word' id='word_1_131' title='bbox 457 1294 622 1345; x_wconf 79' lang='grc' dir='ltr'>ἐρυθρὰν</span> <span class='ocrx_word' id='word_1_132' title='bbox 653 1293 865 1333; x_wconf 84' lang='grc' dir='ltr'>θάλασσαν</span> <span class='ocrx_word' id='word_1_133' title='bbox 896 1295 1014 1332; x_wconf 83' lang='grc' dir='ltr'>καλεῖ</span> <span class='ocrx_word' id='word_1_134' title='bbox 1034 1293 1247 1341; x_wconf 82' lang='grc' dir='ltr'>Σιδονίους,</span> <span class='ocrx_word' id='word_1_135' title='bbox 1280 1293 1464 1335; x_wconf 79' lang='grc' dir='ltr'>οὕστινας</span> <span class='ocrx_word' id='word_1_136' title='bbox 1487 1293 1524 1333; x_wconf 88' lang='grc' dir='ltr'>οἱ</span> <span class='ocrx_word' id='word_1_137' title='bbox 1555 1294 1738 1334; x_wconf 84' lang='grc' dir='ltr'>Φοίνικες</span> <span class='ocrx_word' id='word_1_138' title='bbox 1767 1291 1888 1347; x_wconf 78' lang='grc' dir='ltr'>μετῴ-</span> 
     </span>
     <span class='ocr_line' id='line_1_19' title="bbox 357 1360 639 1402; baseline 0 -2"><span class='ocrx_word' id='word_1_139' title='bbox 357 1377 474 1402; x_wconf 86' lang='grc' dir='ltr'>κισαν</span> <span class='ocrx_word' id='word_1_140' title='bbox 492 1377 500 1402; x_wconf 86' lang='lat'>:</span> <span class='ocrx_word' id='word_1_141' title='bbox 516 1385 573 1391; x_wconf 92' lang='lat'>—-</span> <span class='ocrx_word' id='word_1_142' title='bbox 591 1360 639 1400; x_wconf 90' lang='lat' dir='ltr'>T.</span> 
     </span>
    </p>

    <p class='ocr_par' dir='ltr' id='par_1_11' title="bbox 355 1423 1889 1546">
     <span class='ocr_line' id='line_1_20' title="bbox 419 1423 1889 1479; baseline -0.001 -12"><span class='ocrx_word' id='word_1_143' title='bbox 419 1428 510 1477; x_wconf 82' lang='lat'>182,</span> <span class='ocrx_word' id='word_1_144' title='bbox 532 1442 564 1469; x_wconf 84' lang='grc' dir='ltr'>Ι.</span> <span class='ocrx_word' id='word_1_145' title='bbox 597 1428 684 1470; x_wconf 81' lang='grc' dir='ltr'>τοὺς</span> <span class='ocrx_word' id='word_1_146' title='bbox 707 1425 955 1479; x_wconf 79' lang='grc' dir='ltr'>Σαρακηνοὺς</span> <span class='ocrx_word' id='word_1_147' title='bbox 976 1439 1056 1465; x_wconf 88' lang='lat' dir='ltr'><strong>om.</strong></span> <span class='ocrx_word' id='word_1_148' title='bbox 1081 1426 1147 1475; x_wconf 91' lang='lat' dir='ltr'><strong>T.,</strong></span> <span class='ocrx_word' id='word_1_149' title='bbox 1170 1425 1244 1465; x_wconf 83' lang='lat' dir='ltr'>sed</span> <span class='ocrx_word' id='word_1_150' title='bbox 1273 1424 1383 1465; x_wconf 78' lang='lat' dir='ltr'>infra</span> <span class='ocrx_word' id='word_1_151' title='bbox 1411 1424 1438 1464; x_wconf 92' lang='lat' dir='ltr'><strong>l.</strong></span> <span class='ocrx_word' id='word_1_152' title='bbox 1463 1439 1502 1477; x_wconf 92' lang='lat'><strong>4.</strong></span> <span class='ocrx_word' id='word_1_153' title='bbox 1526 1429 1625 1479; x_wconf 78' lang='lat' dir='ltr'>post</span> <span class='ocrx_word' id='word_1_154' title='bbox 1641 1423 1825 1477; x_wconf 75' lang='grc' dir='ltr'>’Ἄραβάς</span> <span class='ocrx_word' id='word_1_155' title='bbox 1845 1442 1889 1466; x_wconf 89' lang='grc' dir='ltr'>τε</span> 
     </span>
     <span class='ocr_line' id='line_1_21' title="bbox 355 1494 1294 1546; baseline -0.006 -8"><span class='ocrx_word' id='word_1_156' title='bbox 355 1496 477 1538; x_wconf 72' lang='lat' dir='ltr'>addit</span> <span class='ocrx_word' id='word_1_157' title='bbox 497 1498 534 1536; x_wconf 81' lang='grc' dir='ltr'>οἱ</span> <span class='ocrx_word' id='word_1_158' title='bbox 555 1497 596 1536; x_wconf 76' lang='grc' dir='ltr'>δὲ</span> <span class='ocrx_word' id='word_1_159' title='bbox 617 1496 706 1537; x_wconf 79' lang='grc' dir='ltr'>τοὺς</span> <span class='ocrx_word' id='word_1_160' title='bbox 725 1494 1010 1546; x_wconf 81' lang='grc' dir='ltr'>Τρωγλοδύτας</span> <span class='ocrx_word' id='word_1_161' title='bbox 1031 1494 1294 1545; x_wconf 86' lang='grc' dir='ltr'>Σαρακηνούς.</span> 
     </span>
    </p>

    <p class='ocr_par' dir='ltr' id='par_1_12' title="bbox 419 1560 1086 1615">
     <span class='ocr_line' id='line_1_22' title="bbox 419 1560 1086 1615; baseline -0.007 -11"><span class='ocrx_word' id='word_1_162' title='bbox 419 1564 513 1613; x_wconf 88' lang='grc'>182,</span> <span class='ocrx_word' id='word_1_163' title='bbox 538 1576 600 1615; x_wconf 89' lang='lat'>14.</span> <span class='ocrx_word' id='word_1_164' title='bbox 625 1563 647 1602; x_wconf 86' lang='grc' dir='ltr'>ὅ</span> <span class='ocrx_word' id='word_1_165' title='bbox 669 1561 911 1602; x_wconf 86' lang='grc' dir='ltr'>ἐστι-ἔνθα</span> <span class='ocrx_word' id='word_1_166' title='bbox 933 1574 1013 1600; x_wconf 90' lang='lat' dir='ltr'><strong>om.</strong></span> <span class='ocrx_word' id='word_1_167' title='bbox 1037 1560 1086 1600; x_wconf 88' lang='grc' dir='ltr'>Τ.</span> 
     </span>
    </p>

    <p class='ocr_par' dir='ltr' id='par_1_13' title="bbox 420 1626 1190 1684">
     <span class='ocr_line' id='line_1_23' title="bbox 420 1626 1190 1684; baseline -0.005 -13"><span class='ocrx_word' id='word_1_168' title='bbox 420 1631 512 1681; x_wconf 86' lang='grc'>182,</span> <span class='ocrx_word' id='word_1_169' title='bbox 534 1643 597 1684; x_wconf 81' lang='grc'>15.</span> <span class='ocrx_word' id='word_1_170' title='bbox 623 1627 929 1683; x_wconf 81' lang='grc' dir='ltr'>κερατοφυοῦσι]</span> <span class='ocrx_word' id='word_1_171' title='bbox 954 1626 1121 1680; x_wconf 84' lang='grc' dir='ltr'>φέρουσι</span> <span class='ocrx_word' id='word_1_172' title='bbox 1143 1628 1190 1667; x_wconf 79' lang='grc' dir='ltr'>Τ.</span> 
     </span>
    </p>

    <p class='ocr_par' dir='ltr' id='par_1_14' title="bbox 416 1695 941 1753">
     <span class='ocr_line' id='line_1_24' title="bbox 416 1695 941 1753; baseline -0.006 -15"><span class='ocrx_word' id='word_1_173' title='bbox 416 1699 453 1738; x_wconf 82' lang='grc' dir='ltr'>οἳ</span> <span class='ocrx_word' id='word_1_174' title='bbox 473 1697 535 1753; x_wconf 79' lang='grc' dir='ltr'>δὲ]</span> <span class='ocrx_word' id='word_1_175' title='bbox 560 1699 596 1738; x_wconf 85' lang='grc' dir='ltr'>οἱ</span> <span class='ocrx_word' id='word_1_176' title='bbox 618 1699 660 1738; x_wconf 82' lang='grc' dir='ltr'>δὲ</span> <span class='ocrx_word' id='word_1_177' title='bbox 680 1695 873 1749; x_wconf 78' lang='grc' dir='ltr'>λέγουσιν</span> <span class='ocrx_word' id='word_1_178' title='bbox 894 1696 941 1736; x_wconf 96' lang='grc' dir='ltr'>Τ.</span> 
     </span>
    </p>

    <p class='ocr_par' dir='ltr' id='par_1_15' title="bbox 419 1763 1068 1817">
     <span class='ocr_line' id='line_1_25' title="bbox 419 1763 1068 1817; baseline -0.005 -12"><span class='ocrx_word' id='word_1_179' title='bbox 419 1766 514 1814; x_wconf 87' lang='grc'>182,</span> <span class='ocrx_word' id='word_1_180' title='bbox 535 1767 596 1805; x_wconf 88' lang='grc'>16.</span> <span class='ocrx_word' id='word_1_181' title='bbox 620 1764 742 1817; x_wconf 82' lang='grc' dir='ltr'>τὸδὲ]</span> <span class='ocrx_word' id='word_1_182' title='bbox 770 1765 873 1806; x_wconf 78' lang='grc' dir='ltr'>τινὲς</span> <span class='ocrx_word' id='word_1_183' title='bbox 893 1766 935 1803; x_wconf 82' lang='grc' dir='ltr'>δὲ</span> <span class='ocrx_word' id='word_1_184' title='bbox 957 1763 1000 1803; x_wconf 86' lang='grc' dir='ltr'>τὸ</span> <span class='ocrx_word' id='word_1_185' title='bbox 1021 1763 1068 1803; x_wconf 89' lang='grc' dir='ltr'>Τ.</span> 
     </span>
    </p>

    <p class='ocr_par' dir='ltr' id='par_1_16' title="bbox 364 1827 1890 1953">
     <span class='ocr_line' id='line_1_26' title="bbox 423 1827 1890 1886; baseline -0.001 -14"><span class='ocrx_word' id='word_1_186' title='bbox 423 1833 512 1880; x_wconf 81' lang='grc'>182,</span> <span class='ocrx_word' id='word_1_187' title='bbox 530 1845 595 1872; x_wconf 85' lang='grc'>20.</span> <span class='ocrx_word' id='word_1_188' title='bbox 619 1832 701 1883; x_wconf 81' lang='grc' dir='ltr'>τρὶς</span> <span class='ocrx_word' id='word_1_189' title='bbox 720 1833 793 1883; x_wconf 73' lang='grc' dir='ltr'>γὰρ</span> <span class='ocrx_word' id='word_1_190' title='bbox 811 1831 931 1871; x_wconf 85' lang='grc' dir='ltr'>τίκτει</span> <span class='ocrx_word' id='word_1_191' title='bbox 947 1847 954 1871; x_wconf 88' lang='grc'>;</span> <span class='ocrx_word' id='word_1_192' title='bbox 985 1831 1132 1870; x_wconf 83' lang='grc' dir='ltr'>ἄλλοτε</span> <span class='ocrx_word' id='word_1_193' title='bbox 1151 1830 1270 1869; x_wconf 87' lang='grc' dir='ltr'>ἄλλα.</span> <span class='ocrx_word' id='word_1_194' title='bbox 1304 1827 1327 1879; x_wconf 86' lang='grc' dir='ltr'>ἢ</span> <span class='ocrx_word' id='word_1_195' title='bbox 1350 1830 1482 1870; x_wconf 81' lang='grc' dir='ltr'>διόλου</span> <span class='ocrx_word' id='word_1_196' title='bbox 1500 1833 1786 1886; x_wconf 78' lang='grc' dir='ltr'>τοιαῦται-τῷ</span> <span class='ocrx_word' id='word_1_197' title='bbox 1805 1831 1890 1883; x_wconf 88' lang='grc' dir='ltr'>ἔαρι</span> 
     </span>
     <span class='ocr_line' id='line_1_27' title="bbox 364 1898 933 1953; baseline -0.005 -13"><span class='ocrx_word' id='word_1_198' title='bbox 364 1899 536 1953; x_wconf 78' lang='lat' dir='ltr'>(omisso</span> <span class='ocrx_word' id='word_1_199' title='bbox 559 1900 776 1950; x_wconf 86' lang='grc' dir='ltr'>τίκτουσιν)</span> <span class='ocrx_word' id='word_1_200' title='bbox 793 1914 800 1938; x_wconf 94' lang='lat'><strong>:</strong></span> <span class='ocrx_word' id='word_1_201' title='bbox 817 1922 874 1929; x_wconf 92' lang='lat'><strong>—</strong></span> <span class='ocrx_word' id='word_1_202' title='bbox 887 1898 933 1937; x_wconf 87' lang='grc' dir='ltr'>Τ.</span> 
     </span>
    </p>

    <p class='ocr_par' dir='ltr' id='par_1_17' title="bbox 423 1963 1431 2021">
     <span class='ocr_line' id='line_1_28' title="bbox 423 1963 1431 2021; baseline -0.004 -14"><span class='ocrx_word' id='word_1_203' title='bbox 423 1969 513 2016; x_wconf 77' lang='grc'>182,</span> <span class='ocrx_word' id='word_1_204' title='bbox 535 1979 602 2021; x_wconf 75' lang='lat'><strong>23.</strong></span> <span class='ocrx_word' id='word_1_205' title='bbox 626 1964 852 2020; x_wconf 81' lang='grc' dir='ltr'>κορέννυμι]</span> <span class='ocrx_word' id='word_1_206' title='bbox 878 1964 1074 2005; x_wconf 78' lang='lat' dir='ltr'>Restitue</span> <span class='ocrx_word' id='word_1_207' title='bbox 1097 1965 1290 2015; x_wconf 87' lang='grc' dir='ltr'>κορεννύω</span> <span class='ocrx_word' id='word_1_208' title='bbox 1312 1977 1364 2002; x_wconf 81' lang='lat' dir='ltr'>ex</span> <span class='ocrx_word' id='word_1_209' title='bbox 1386 1963 1431 2003; x_wconf 88' lang='grc' dir='ltr'>Τ.</span> 
     </span>
    </p>

    <p class='ocr_par' dir='ltr' id='par_1_18' title="bbox 424 2033 910 2088">
     <span class='ocr_line' id='line_1_29' title="bbox 424 2033 910 2088; baseline -0.008 -13"><span class='ocrx_word' id='word_1_210' title='bbox 424 2037 518 2082; x_wconf 86' lang='grc'>182,</span> <span class='ocrx_word' id='word_1_211' title='bbox 543 2045 609 2088; x_wconf 89' lang='grc'>27.</span> <span class='ocrx_word' id='word_1_212' title='bbox 635 2033 693 2088; x_wconf 88' lang='lat' dir='ltr'>V]</span> <span class='ocrx_word' id='word_1_213' title='bbox 718 2033 841 2073; x_wconf 85' lang='lat' dir='ltr'>Adde</span> <span class='ocrx_word' id='word_1_214' title='bbox 863 2033 910 2072; x_wconf 89' lang='lat' dir='ltr'>T.</span> 
     </span>
    </p>

    <p class='ocr_par' dir='ltr' id='par_1_19' title="bbox 360 2096 1890 2285">
     <span class='ocr_line' id='line_1_30' title="bbox 421 2096 1889 2156; baseline -0.003 -14"><span class='ocrx_word' id='word_1_215' title='bbox 421 2102 516 2156; x_wconf 80' lang='lat'>183,</span> <span class='ocrx_word' id='word_1_216' title='bbox 538 2115 578 2155; x_wconf 83' lang='lat'><strong>3.</strong></span> <span class='ocrx_word' id='word_1_217' title='bbox 601 2102 787 2141; x_wconf 72' lang='grc' dir='ltr'>ἀνωϊστίῑ</span> <span class='ocrx_word' id='word_1_218' title='bbox 822 2099 1108 2150; x_wconf 84' lang='grc' dir='ltr'>ἇνυπονοήτως.</span> <span class='ocrx_word' id='word_1_219' title='bbox 1139 2097 1240 2138; x_wconf 78' lang='grc' dir='ltr'>ὥστε</span> <span class='ocrx_word' id='word_1_220' title='bbox 1260 2099 1356 2148; x_wconf 81' lang='grc' dir='ltr'>μηδὲ</span> <span class='ocrx_word' id='word_1_221' title='bbox 1378 2096 1558 2138; x_wconf 84' lang='grc' dir='ltr'>συνιέναι</span> <span class='ocrx_word' id='word_1_222' title='bbox 1575 2101 1662 2139; x_wconf 81' lang='grc' dir='ltr'>τινὰ</span> <span class='ocrx_word' id='word_1_223' title='bbox 1680 2100 1777 2150; x_wconf 81' lang='grc' dir='ltr'>μηδὲ</span> <span class='ocrx_word' id='word_1_224' title='bbox 1796 2099 1889 2150; x_wconf 91' lang='grc' dir='ltr'>πρό-</span> 
     </span>
     <span class='ocr_line' id='line_1_31' title="bbox 360 2164 1890 2219; baseline -0.001 -11"><span class='ocrx_word' id='word_1_225' title='bbox 360 2185 473 2219; x_wconf 89' lang='grc' dir='ltr'>τερον</span> <span class='ocrx_word' id='word_1_226' title='bbox 495 2169 637 2219; x_wconf 85' lang='grc' dir='ltr'>νοῆσαι</span> <span class='ocrx_word' id='word_1_227' title='bbox 652 2169 867 2209; x_wconf 71' lang='grc' dir='ltr'>ε-ἄλλως,</span> <span class='ocrx_word' id='word_1_228' title='bbox 899 2167 1025 2219; x_wconf 84' lang='grc' dir='ltr'>λάθρη</span> <span class='ocrx_word' id='word_1_229' title='bbox 1046 2167 1120 2217; x_wconf 79' lang='grc' dir='ltr'>μὲν</span> <span class='ocrx_word' id='word_1_230' title='bbox 1142 2165 1227 2205; x_wconf 83' lang='grc' dir='ltr'>ἀντὶ</span> <span class='ocrx_word' id='word_1_231' title='bbox 1254 2167 1321 2204; x_wconf 84' lang='grc' dir='ltr'>τοῦ</span> <span class='ocrx_word' id='word_1_232' title='bbox 1349 2164 1515 2214; x_wconf 85' lang='grc' dir='ltr'>μηδενὸς</span> <span class='ocrx_word' id='word_1_233' title='bbox 1546 2166 1705 2212; x_wconf 84' lang='grc' dir='ltr'>εἰδότος,</span> <span class='ocrx_word' id='word_1_234' title='bbox 1729 2165 1890 2206; x_wconf 84' lang='grc' dir='ltr'>ἀνωϊστὶ</span> 
     </span>
     <span class='ocr_line' id='line_1_32' title="bbox 362 2231 1443 2285; baseline -0.006 -10"><span class='ocrx_word' id='word_1_235' title='bbox 362 2237 403 2275; x_wconf 81' lang='grc' dir='ltr'>δὲ</span> <span class='ocrx_word' id='word_1_236' title='bbox 425 2235 698 2285; x_wconf 85' lang='grc' dir='ltr'>ἀνυπονοήτως</span> <span class='ocrx_word' id='word_1_237' title='bbox 718 2235 767 2276; x_wconf 85' lang='grc' dir='ltr'>ὡς</span> <span class='ocrx_word' id='word_1_238' title='bbox 789 2234 856 2276; x_wconf 74' lang='grc' dir='ltr'>οὐκ</span> <span class='ocrx_word' id='word_1_239' title='bbox 878 2235 926 2273; x_wconf 81' lang='grc' dir='ltr'>ἄν</span> <span class='ocrx_word' id='word_1_240' title='bbox 947 2250 1004 2274; x_wconf 90' lang='grc' dir='ltr'>τις</span> <span class='ocrx_word' id='word_1_241' title='bbox 1024 2231 1285 2281; x_wconf 85' lang='grc' dir='ltr'>ὑπονοήσειεν</span> <span class='ocrx_word' id='word_1_242' title='bbox 1301 2246 1310 2270; x_wconf 88' lang='grc'>;</span> <span class='ocrx_word' id='word_1_243' title='bbox 1327 2231 1443 2270; x_wconf 84' lang='grc' dir='ltr'>-Τ,</span> 
     </span>
    </p>

    <p class='ocr_par' dir='ltr' id='par_1_20' title="bbox 425 2299 1088 2354">
     <span class='ocr_line' id='line_1_33' title="bbox 425 2299 1088 2354; baseline -0.005 -13"><span class='ocrx_word' id='word_1_244' title='bbox 425 2302 518 2351; x_wconf 84' lang='lat'>184,</span> <span class='ocrx_word' id='word_1_245' title='bbox 541 2315 579 2351; x_wconf 88' lang='lat'>4.</span> <span class='ocrx_word' id='word_1_246' title='bbox 603 2301 670 2341; x_wconf 87' lang='grc' dir='ltr'>τὸν</span> <span class='ocrx_word' id='word_1_247' title='bbox 692 2306 916 2354; x_wconf 79' lang='lat' dir='ltr'>utrumque</span> <span class='ocrx_word' id='word_1_248' title='bbox 938 2314 1019 2339; x_wconf 90' lang='lat' dir='ltr'><strong>om.</strong></span> <span class='ocrx_word' id='word_1_249' title='bbox 1042 2299 1088 2338; x_wconf 83' lang='lat' dir='ltr'><strong>T.</strong></span> 
     </span>
    </p>

    <p class='ocr_par' dir='ltr' id='par_1_21' title="bbox 361 2364 1890 2960">
     <span class='ocr_line' id='line_1_34' title="bbox 426 2364 1888 2421; baseline 0.001 -14"><span class='ocrx_word' id='word_1_250' title='bbox 426 2370 517 2419; x_wconf 83' lang='lat'>184,</span> <span class='ocrx_word' id='word_1_251' title='bbox 541 2378 580 2420; x_wconf 90' lang='lat'><strong>7.</strong></span> <span class='ocrx_word' id='word_1_252' title='bbox 612 2366 665 2407; x_wconf 77' lang='grc' dir='ltr'>ὧν</span> <span class='ocrx_word' id='word_1_253' title='bbox 697 2368 850 2418; x_wconf 79' lang='grc' dir='ltr'>ὄφελον</span> <span class='ocrx_word' id='word_1_254' title='bbox 878 2366 1057 2417; x_wconf 89' lang='grc' dir='ltr'>τριτάτην</span> <span class='ocrx_word' id='word_1_255' title='bbox 1085 2366 1129 2405; x_wconf 87' lang='grc' dir='ltr'>ἐν</span> <span class='ocrx_word' id='word_1_256' title='bbox 1150 2365 1301 2414; x_wconf 83' lang='grc' dir='ltr'>δώμασι</span> <span class='ocrx_word' id='word_1_257' title='bbox 1321 2364 1508 2418; x_wconf 85' lang='grc' dir='ltr'>παρέχων</span> <span class='ocrx_word' id='word_1_258' title='bbox 1529 2368 1650 2418; x_wconf 81' lang='lat' dir='ltr'><strong>(corr.</strong></span> <span class='ocrx_word' id='word_1_259' title='bbox 1673 2383 1746 2419; x_wconf 88' lang='grc' dir='ltr'>περ</span> <span class='ocrx_word' id='word_1_260' title='bbox 1769 2367 1888 2421; x_wconf 82' lang='grc' dir='ltr'>ἔχων)</span> 
     </span>
     <span class='ocr_line' id='line_1_35' title="bbox 361 2432 1890 2488; baseline -0.001 -12"><span class='ocrx_word' id='word_1_261' title='bbox 361 2441 526 2487; x_wconf 73' lang='grc' dir='ltr'>μοῖραντ</span> <span class='ocrx_word' id='word_1_262' title='bbox 560 2433 721 2486; x_wconf 79' lang='grc' dir='ltr'>ὤφελον</span> <span class='ocrx_word' id='word_1_263' title='bbox 737 2434 812 2485; x_wconf 83' lang='grc' dir='ltr'>ἐγὼ</span> <span class='ocrx_word' id='word_1_264' title='bbox 830 2434 897 2473; x_wconf 72' lang='grc' dir='ltr'>οὖν</span> <span class='ocrx_word' id='word_1_265' title='bbox 915 2434 976 2473; x_wconf 86' lang='grc' dir='ltr'>καὶ</span> <span class='ocrx_word' id='word_1_266' title='bbox 995 2434 1031 2473; x_wconf 85' lang='grc' dir='ltr'>οἱ</span> <span class='ocrx_word' id='word_1_267' title='bbox 1048 2433 1185 2483; x_wconf 85' lang='grc' dir='ltr'>ἄνδρες</span> <span class='ocrx_word' id='word_1_268' title='bbox 1202 2432 1244 2471; x_wconf 87' lang='grc' dir='ltr'>τὸ</span> <span class='ocrx_word' id='word_1_269' title='bbox 1263 2433 1423 2484; x_wconf 83' lang='grc' dir='ltr'>ὤφελον</span> <span class='ocrx_word' id='word_1_270' title='bbox 1441 2434 1516 2473; x_wconf 86' lang='grc' dir='ltr'>ἀπο</span> <span class='ocrx_word' id='word_1_271' title='bbox 1535 2466 1541 2473; x_wconf 93' lang='grc'>.</span> <span class='ocrx_word' id='word_1_272' title='bbox 1564 2466 1571 2473; x_wconf 93' lang='grc'>.</span> <span class='ocrx_word' id='word_1_273' title='bbox 1589 2466 1596 2474; x_wconf 93' lang='grc'>.</span> <span class='ocrx_word' id='word_1_274' title='bbox 1617 2434 1798 2488; x_wconf 79' lang='lat' dir='ltr'>(lacuna)</span> <span class='ocrx_word' id='word_1_275' title='bbox 1811 2451 1819 2476; x_wconf 90' lang='lat'>:</span> <span class='ocrx_word' id='word_1_276' title='bbox 1832 2462 1890 2467; x_wconf 92' lang='lat'><strong>—</strong></span> 
     </span>
     <span class='ocr_line' id='line_1_36' title="bbox 363 2498 1890 2554; baseline 0.001 -12"><span class='ocrx_word' id='word_1_277' title='bbox 363 2503 413 2543; x_wconf 87' lang='grc' dir='ltr'>Τ.</span> <span class='ocrx_word' id='word_1_278' title='bbox 447 2502 551 2542; x_wconf 77' lang='lat' dir='ltr'>Post</span> <span class='ocrx_word' id='word_1_279' title='bbox 573 2499 729 2540; x_wconf 77' lang='lat' dir='ltr'>scholia</span> <span class='ocrx_word' id='word_1_280' title='bbox 750 2513 943 2539; x_wconf 79' lang='lat' dir='ltr'><strong>versuum</strong></span> <span class='ocrx_word' id='word_1_281' title='bbox 966 2510 1033 2552; x_wconf 84' lang='lat'><strong>97.</strong></span> <span class='ocrx_word' id='word_1_282' title='bbox 1051 2504 1094 2539; x_wconf 72' lang='lat' dir='ltr'>et</span> <span class='ocrx_word' id='word_1_283' title='bbox 1118 2512 1184 2553; x_wconf 87' lang='lat'><strong>95.</strong></span> <span class='ocrx_word' id='word_1_284' title='bbox 1207 2498 1296 2539; x_wconf 81' lang='lat' dir='ltr'>haec</span> <span class='ocrx_word' id='word_1_285' title='bbox 1318 2505 1551 2554; x_wconf 77' lang='lat' dir='ltr'>sequuntur</span> <span class='ocrx_word' id='word_1_286' title='bbox 1572 2500 1615 2540; x_wconf 88' lang='lat' dir='ltr'>in</span> <span class='ocrx_word' id='word_1_287' title='bbox 1636 2502 1681 2541; x_wconf 84' lang='lat' dir='ltr'><strong>T.</strong></span> <span class='ocrx_word' id='word_1_288' title='bbox 1706 2502 1748 2542; x_wconf 90' lang='lat' dir='ltr'>in</span> <span class='ocrx_word' id='word_1_289' title='bbox 1769 2502 1890 2543; x_wconf 82' lang='lat' dir='ltr'>initio</span> 
     </span>
     <span class='ocr_line' id='line_1_37' title="bbox 363 2566 1887 2626; baseline 0.001 -16"><span class='ocrx_word' id='word_1_290' title='bbox 363 2584 458 2626; x_wconf 78' lang='lat' dir='ltr'><strong>pag.</strong></span> <span class='ocrx_word' id='word_1_291' title='bbox 475 2578 543 2622; x_wconf 85' lang='lat'><strong>45.</strong></span> <span class='ocrx_word' id='word_1_292' title='bbox 568 2566 778 2609; x_wconf 81' lang='grc' dir='ltr'>Μενέλαος</span> <span class='ocrx_word' id='word_1_293' title='bbox 799 2569 839 2607; x_wconf 81' lang='grc' dir='ltr'>δὲ</span> <span class='ocrx_word' id='word_1_294' title='bbox 864 2568 926 2620; x_wconf 80' lang='grc' dir='ltr'>(δὲ</span> <span class='ocrx_word' id='word_1_295' title='bbox 947 2567 1110 2606; x_wconf 80' lang='lat' dir='ltr'>duobus</span> <span class='ocrx_word' id='word_1_296' title='bbox 1132 2566 1299 2620; x_wconf 78' lang='lat' dir='ltr'>punctis</span> <span class='ocrx_word' id='word_1_297' title='bbox 1324 2570 1535 2621; x_wconf 79' lang='lat' dir='ltr'>notatum)</span> <span class='ocrx_word' id='word_1_298' title='bbox 1561 2569 1663 2609; x_wconf 81' lang='grc' dir='ltr'>πολὺ</span> <span class='ocrx_word' id='word_1_299' title='bbox 1684 2568 1714 2610; x_wconf 85' lang='grc' dir='ltr'>δ’</span> <span class='ocrx_word' id='word_1_300' title='bbox 1737 2571 1887 2622; x_wconf 83' lang='grc' dir='ltr'>ἀμβρο-</span> 
     </span>
     <span class='ocr_line' id='line_1_38' title="bbox 363 2633 1890 2690; baseline -0.001 -12"><span class='ocrx_word' id='word_1_301' title='bbox 363 2638 462 2687; x_wconf 86' lang='grc' dir='ltr'>σύνη</span> <span class='ocrx_word' id='word_1_302' title='bbox 496 2634 649 2689; x_wconf 78' lang='lat' dir='ltr'>(scribe</span> <span class='ocrx_word' id='word_1_303' title='bbox 681 2635 911 2689; x_wconf 71' lang='grc' dir='ltr'>ἁβροσύνῃτ</span> <span class='ocrx_word' id='word_1_304' title='bbox 945 2638 1043 2673; x_wconf 79' lang='lat' dir='ltr'><strong>sunt-</strong></span> <span class='ocrx_word' id='word_1_305' title='bbox 1066 2633 1280 2687; x_wconf 86' lang='lat' dir='ltr'>Euripidis</span> <span class='ocrx_word' id='word_1_306' title='bbox 1312 2635 1441 2675; x_wconf 80' lang='lat' dir='ltr'>verba</span> <span class='ocrx_word' id='word_1_307' title='bbox 1463 2634 1602 2675; x_wconf 67' lang='lat' dir='ltr'><strong>Orest.</strong></span> <span class='ocrx_word' id='word_1_308' title='bbox 1625 2638 1745 2690; x_wconf 78' lang='lat'><strong>349.)</strong></span> <span class='ocrx_word' id='word_1_309' title='bbox 1768 2638 1890 2687; x_wconf 85' lang='grc' dir='ltr'>δῆλος</span> 
     </span>
     <span class='ocr_line' id='line_1_39' title="bbox 364 2702 1887 2758; baseline -0.001 -12"><span class='ocrx_word' id='word_1_310' title='bbox 364 2707 529 2758; x_wconf 76' lang='grc' dir='ltr'>ὁρᾶσθαι</span> <span class='ocrx_word' id='word_1_311' title='bbox 559 2706 626 2744; x_wconf 85' lang='grc' dir='ltr'>τοῦ</span> <span class='ocrx_word' id='word_1_312' title='bbox 652 2705 908 2742; x_wconf 81' lang='grc' dir='ltr'>Τανταλιδῶν</span> <span class='ocrx_word' id='word_1_313' title='bbox 937 2704 977 2752; x_wconf 76' lang='grc' dir='ltr'>ἐξ</span> <span class='ocrx_word' id='word_1_314' title='bbox 1005 2703 1166 2752; x_wconf 83' lang='grc' dir='ltr'>αἵματος</span> <span class='ocrx_word' id='word_1_315' title='bbox 1202 2703 1273 2742; x_wconf 87' lang='grc' dir='ltr'>ὤν.</span> <span class='ocrx_word' id='word_1_316' title='bbox 1307 2703 1351 2742; x_wconf 85' lang='grc' dir='ltr'>οὗ</span> <span class='ocrx_word' id='word_1_317' title='bbox 1382 2703 1459 2753; x_wconf 81' lang='grc' dir='ltr'>μὴν</span> <span class='ocrx_word' id='word_1_318' title='bbox 1486 2702 1558 2753; x_wconf 88' lang='grc' dir='ltr'>τήν</span> <span class='ocrx_word' id='word_1_319' title='bbox 1581 2720 1629 2756; x_wconf 88' lang='grc' dir='ltr'>γε</span> <span class='ocrx_word' id='word_1_320' title='bbox 1656 2708 1723 2744; x_wconf 83' lang='grc' dir='ltr'>τοῦ</span> <span class='ocrx_word' id='word_1_321' title='bbox 1742 2704 1887 2745; x_wconf 87' lang='grc' dir='ltr'>Ὀδυσ-</span> 
     </span>
     <span class='ocr_line' id='line_1_40' title="bbox 364 2768 1888 2823; baseline 0.001 -12"><span class='ocrx_word' id='word_1_322' title='bbox 364 2772 466 2814; x_wconf 85' lang='grc' dir='ltr'>σέως</span> <span class='ocrx_word' id='word_1_323' title='bbox 493 2773 646 2820; x_wconf 86' lang='grc' dir='ltr'>οἴκησιν</span> <span class='ocrx_word' id='word_1_324' title='bbox 674 2769 848 2820; x_wconf 80' lang='grc' dir='ltr'>οὐδαμῶς</span> <span class='ocrx_word' id='word_1_325' title='bbox 878 2773 989 2809; x_wconf 81' lang='grc' dir='ltr'>τοῦτο</span> <span class='ocrx_word' id='word_1_326' title='bbox 1007 2771 1027 2808; x_wconf 91' lang='grc' dir='ltr'>ὁ</span> <span class='ocrx_word' id='word_1_327' title='bbox 1048 2800 1055 2808; x_wconf 95' lang='grc'>.</span> <span class='ocrx_word' id='word_1_328' title='bbox 1076 2800 1083 2809; x_wconf 94' lang='grc'>.</span> <span class='ocrx_word' id='word_1_329' title='bbox 1107 2770 1155 2809; x_wconf 82' lang='grc' dir='ltr'>ἀν</span> <span class='ocrx_word' id='word_1_330' title='bbox 1173 2800 1182 2809; x_wconf 90' lang='grc'>.</span> <span class='ocrx_word' id='word_1_331' title='bbox 1205 2801 1212 2809; x_wconf 94' lang='grc'>.</span> <span class='ocrx_word' id='word_1_332' title='bbox 1233 2801 1241 2810; x_wconf 92' lang='grc'>.</span> <span class='ocrx_word' id='word_1_333' title='bbox 1264 2770 1396 2812; x_wconf 80' lang='grc' dir='ltr'>ἄλλως</span> <span class='ocrx_word' id='word_1_334' title='bbox 1424 2768 1474 2809; x_wconf 83' lang='grc' dir='ltr'>ἂν</span> <span class='ocrx_word' id='word_1_335' title='bbox 1502 2771 1668 2821; x_wconf 84' lang='grc' dir='ltr'>ἀσφαλῆ</span> <span class='ocrx_word' id='word_1_336' title='bbox 1699 2773 1888 2823; x_wconf 88' lang='grc' dir='ltr'>πεποίηκε</span> 
     </span>
     <span class='ocr_line' id='line_1_41' title="bbox 364 2834 1888 2892; baseline -0.001 -11"><span class='ocrx_word' id='word_1_337' title='bbox 364 2840 458 2891; x_wconf 83' lang='grc' dir='ltr'>πρὸς</span> <span class='ocrx_word' id='word_1_338' title='bbox 474 2837 566 2879; x_wconf 83' lang='grc' dir='ltr'>αὐτὸ</span> <span class='ocrx_word' id='word_1_339' title='bbox 589 2840 699 2877; x_wconf 83' lang='grc' dir='ltr'>τοῦτο</span> <span class='ocrx_word' id='word_1_340' title='bbox 721 2834 1104 2888; x_wconf 80' lang='grc' dir='ltr'>παρεσκευασμένου.</span> <span class='ocrx_word' id='word_1_341' title='bbox 1137 2835 1249 2889; x_wconf 86' lang='grc' dir='ltr'>λέγει</span> <span class='ocrx_word' id='word_1_342' title='bbox 1265 2839 1339 2889; x_wconf 77' lang='grc' dir='ltr'>γὰρ</span> <span class='ocrx_word' id='word_1_343' title='bbox 1357 2838 1473 2879; x_wconf 79' lang='grc' dir='ltr'>οὕτως</span> <span class='ocrx_word' id='word_1_344' title='bbox 1492 2837 1591 2886; x_wconf 87' lang='lat' dir='ltr'><strong>(Od.</strong></span> <span class='ocrx_word' id='word_1_345' title='bbox 1609 2855 1645 2889; x_wconf 89' lang='grc' dir='ltr'>ρ,</span> <span class='ocrx_word' id='word_1_346' title='bbox 1670 2839 1784 2892; x_wconf 90' lang='grc'>266.)</span> <span class='ocrx_word' id='word_1_347' title='bbox 1809 2845 1833 2862; x_wconf 91' lang='grc'>“</span> <span class='ocrx_word' id='word_1_348' title='bbox 1848 2841 1888 2890; x_wconf 76' lang='grc' dir='ltr'>ἐξ</span> 
     </span>
     <span class='ocr_line' id='line_1_42' title="bbox 367 2902 1887 2960; baseline 0 -15"><span class='ocrx_word' id='word_1_349' title='bbox 367 2904 510 2957; x_wconf 86' lang='grc' dir='ltr'>ἑτέρων</span> <span class='ocrx_word' id='word_1_350' title='bbox 528 2938 533 2945; x_wconf 95' lang='grc'>.</span> <span class='ocrx_word' id='word_1_351' title='bbox 556 2936 563 2944; x_wconf 94' lang='grc'>.</span> <span class='ocrx_word' id='word_1_352' title='bbox 584 2937 591 2943; x_wconf 94' lang='grc'>.</span> <span class='ocrx_word' id='word_1_353' title='bbox 612 2904 806 2957; x_wconf 79' lang='lat' dir='ltr'>(lacunaz</span> <span class='ocrx_word' id='word_1_354' title='bbox 830 2903 986 2944; x_wconf 75' lang='lat' dir='ltr'>excidit</span> <span class='ocrx_word' id='word_1_355' title='bbox 1008 2902 1123 2956; x_wconf 83' lang='grc' dir='ltr'>ἕτερ’)</span> <span class='ocrx_word' id='word_1_356' title='bbox 1142 2905 1264 2955; x_wconf 80' lang='grc' dir='ltr'>ἐστὶν,</span> <span class='ocrx_word' id='word_1_357' title='bbox 1289 2903 1502 2955; x_wconf 86' lang='grc' dir='ltr'>ἐπήσκηται</span> <span class='ocrx_word' id='word_1_358' title='bbox 1525 2903 1567 2946; x_wconf 87' lang='grc' dir='ltr'>δέ</span> <span class='ocrx_word' id='word_1_359' title='bbox 1590 2906 1625 2945; x_wconf 81' lang='grc' dir='ltr'>οἱ</span> <span class='ocrx_word' id='word_1_360' title='bbox 1646 2905 1746 2957; x_wconf 81' lang='grc' dir='ltr'>αὐλὴ</span> <span class='ocrx_word' id='word_1_361' title='bbox 1768 2906 1887 2960; x_wconf 80' lang='grc' dir='ltr'>τοίχῳ</span> 
     </span>
    </p>
   </div>
  </div>
 </body>
</html>
