1956 3239
260 104 344 146 780
812 106 1236 147 APPENDIX.

315 226 467 266 449,4.
491 215 559 255 τὸν
580 229 659 256 om.
687 215 734 256 T.
757 231 796 270 p.
818 229 910 271 139.

315 281 490 332 Διδύμην
511 296 592 322 om.
617 282 665 324 T.
687 283 924 339 utrobique.
989 285 1186 340 Supplevi
1207 299 1258 326 ex
1280 300 1320 339 p.
1339 297 1440 337 444,
1456 299 1498 339 5.

314 362 411 401 449,
432 360 496 403 25.
519 350 578 390 ὅτι
600 351 690 405 γὰρ]
715 351 849 391 Immo
872 352 933 392 καὶ
954 355 1042 404 γὰρ,
1065 352 1144 393 nisi
1165 352 1322 407 aliquid
1345 351 1514 393 excidit.

315 426 412 469 450,
434 429 502 470 30.
524 418 905 471 περισπασθήσεται]
933 419 1156 460 Usitatum
1178 419 1477 472 περισπαστέος.

313 496 410 536 451,
433 496 502 537 30.
529 485 734 540 ἐφαίνετο]
759 487 923 538 φαίνετο
945 487 1051 538 B.Q.

313 562 410 605 452,
430 565 463 590 1.
487 554 808 606 φρενοβλαβείᾳ]
839 555 1123 608 φρενοβλαβίᾳ
1144 554 1247 606 B.Q.

313 630 413 672 452,
435 632 451 659 Ι
458 632 497 672 5.
521 619 756 672 ἐξαλάπαξε]
783 621 1025 671 ἐξαλαπάξαι
1047 622 1094 661 T.

312 701 409 740 453,
430 700 467 729 2.
489 691 565 728 τῶν
584 688 750 729 addidit:
772 688 1075 730 Buttmannus.

311 766 409 808 454,
435 769 497 808 19.
532 755 581 794 In
609 755 656 796 T.
683 756 738 796 ad
768 771 804 796 v.
829 770 895 809 91.
918 758 1101 798 refertur
1121 757 1369 812 praeseripto
1390 756 1588 798 lemmate
1609 755 1686 797 ἔνθ’
1710 756 1783 809 οἵγ’

255 824 348 863 εἴσω
372 823 466 875 ἕχον
487 823 632 865 πάντες
653 823 744 865 νέας
765 825 1047 877 ἀμφιελίσσας.

311 892 398 930 τότε
419 904 498 930 om.
522 891 627 941 B.Q.

310 971 406 1011 455,
432 958 468 997 8.
493 959 544 1012 τῷ
568 958 790 998 Prellerus.
823 959 866 998 τὸ
889 959 936 998 Τ.

309 1034 406 1076 457,
428 1036 488 1077 13.
513 1024 594 1064 θεοὶ
615 1023 852 1077 μεμνῆσθαι]
877 1024 958 1064 θεοὶ
981 1025 1022 1064 δὲ
1042 1027 1263 1075 μεμνῆσθαι
1286 1023 1334 1063 T.

308 1101 406 1143 457,
431 1103 492 1144 19.
516 1089 740 1142 ὠνομάσθαι
762 1091 986 1132 Prellerus.
1019 1091 1247 1141 ὠνόμασται
1269 1091 1317 1131 Τ.

309 1168 405 1210 457,
432 1159 497 1197 28.
518 1157 709 1212 (Εκάτην]
741 1159 911 1209 ἑκάστην
933 1159 987 1199 V.

308 1236 406 1277 457,
434 1238 499 1277 29.
523 1225 733 1280 θαλάττης]
757 1226 963 1275 θαλάσσης
985 1226 1033 1266 Τ.

308 1293 405 1345 458,
430 1306 461 1331 1.
485 1293 528 1332 τὸ
549 1307 629 1333 om.
651 1293 699 1333 T.

311 1362 406 1399 κατὰ
428 1363 493 1410 τῆς
514 1361 645 1414 ἀκτῆς]
677 1363 773 1401 κατὰ
793 1361 863 1411 τὴν
886 1361 1030 1412 ἀρήτην
1053 1360 1101 1400 Τ.

307 1439 404 1482 459,
427 1440 491 1469 12.
513 1428 882 1479 ὠνοματοπεποίηκε
905 1428 960 1468 V.
993 1428 1351 1479 ὀνοματοπεποίηκε
1374 1426 1479 1478 B.Q.
1512 1426 1630 1467 Conf.
1654 1441 1782 1481 supra

250 1494 303 1534 ad
325 1509 364 1548 p.
380 1498 476 1546 448.
501 1497 561 1535 16.

307 1563 404 1613 460,
431 1575 466 1616 3.
490 1562 704 1616 ἠδυνάμην]
729 1563 920 1613 ἐδυνάμην
944 1562 992 1614 Q.

306 1632 404 1680 460,
431 1642 465 1683 7.
488 1631 736 1684 μνησόμεθα]
764 1631 1002 1681 μνησώμεθα
1025 1630 1074 1681 Q.

306 1699 404 1748 460,
425 1711 487 1748 14.
514 1697 660 1738 Verba
682 1699 1041 1750 ἆπογυμνώσαντες
1062 1697 1132 1747 τὴν
1153 1698 1252 1749 ὄψιν
1273 1696 1363 1749 (sic)
1385 1700 1484 1736 sunt
1505 1695 1634 1737 etiam
1654 1695 1697 1736 in
1719 1695 1766 1735 T.

306 1765 405 1814 460,
426 1778 491 1806 22.
520 1768 588 1804 τοῦ
609 1765 649 1818 ν]
678 1768 745 1804 τοῦ
768 1782 779 1804 ι
805 1764 862 1804 Η.

305 1834 403 1883 461,
428 1846 461 1872 1.
485 1834 735 1882 κλίματι-εἰ
756 1832 813 1886 ἀ.]
843 1830 1090 1882 κλήματι-ἦ
1114 1831 1159 1870 T.

305 1902 405 1952 461,
425 1911 461 1952 7.
487 1900 583 1951 πρὸς
605 1902 681 1952 γὰρ
703 1900 746 1940 τὸ
770 1901 868 1954 δεῖν]
896 1899 991 1951 πρὸς
1012 1899 1055 1939 τὸ
1080 1899 1142 1938 καὶ
1164 1901 1246 1938 δεῖν
1269 1897 1317 1937 Τ.

304 1972 380 2008 τῶν
401 1970 575 2008 τόπων-
592 1971 669 2008 τῶν
689 1969 857 2021 χωρίων]
884 1971 951 2007 τοῦ
973 1969 1230 2007 τόπου-τῶν
1251 1966 1380 2005 τόπων
1402 1964 1450 2004 T.

303 2037 402 2088 461,
425 2047 488 2075 22.
512 2035 574 2075 καὶ
594 2049 675 2075 om.
700 2034 749 2085 Q.
1441 2026 1444 2029 ’

302 2104 402 2154 462,
431 2116 464 2142 1.
489 2103 590 2154 ἀμφὶ
618 2101 659 2142 δέ
678 2118 745 2152 μιν
773 2102 907 2141 λύκοι;
942 2101 1031 2143 τοὺς
1063 2099 1347 2152 κατεγοήτευσε
1379 2102 1459 2141 τοῖς
1489 2096 1706 2149 φαρμάκοις
1728 2097 1774 2137 Τ.

248 2171 422 2223 Spectat
443 2169 497 2209 ad
520 2169 729 2217 κατέθελξε
751 2183 786 2208 v.
809 2180 904 2221 213.

302 2237 399 2287 462,
415 2250 456 2290 3.
479 2235 563 2289 οὖν]
588 2235 776 2275 Praestat
798 2237 903 2285 γοῦν.

302 2304 399 2356 463,
423 2314 485 2355 15.
507 2305 602 2353 γοῦν
623 2302 672 2341 Τ.
705 2302 775 2341 οὖν
797 2301 909 2351 H.Q.

301 2371 398 2422 463,
418 2370 483 2408 16.
504 2370 645 2417 ποίησε
667 2367 715 2407 T.
758 2367 920 2415 ἐποίησε
944 2365 1054 2416 H.Q.

302 2438 399 2490 463,
422 2437 487 2476 18.
510 2435 540 2475 τ’
559 2436 709 2487 ἀνδρῶν
730 2435 779 2474 Τ.
820 2438 897 2474 τῶν
918 2435 1069 2484 ἀνδρῶν
1091 2432 1203 2483 H.Q

302 2502 573 2555 (ὒν-ἐγείρει]
597 2502 659 2541 καὶ
679 2503 728 2541 τὰ
751 2503 836 2550 ἑξῆς
858 2500 906 2540 T.

299 2573 398 2624 463,
418 2580 484 2623 25.
505 2570 749 2609 πεπόνθασιν
772 2567 993 2607 Prellerus.
1036 2566 1163 2608 πέπον
1187 2566 1233 2605 Τ.

301 2638 354 2687 46
359 2650 400 2690 3,
413 2637 478 2677 26.
495 2635 716 2684 δῖον-ἕξει
731 2634 913 2686 ἐγένοντο
929 2633 1153 2674 Prellerus.
1180 2631 1568 2684 διότι-ἐξεγένοντο
1582 2631 1628 2671 Τ.
1665 2631 1772 2671 BIOX

242 2708 342 2744 ante
363 2704 497 2754 μέντοι
517 2702 620 2742 nihil
637 2703 782 2742 deesse
797 2701 963 2742 videtur
981 2704 1138 2755 praeter
1152 2700 1215 2751 μή,
1233 2699 1331 2740 lieet
1353 2698 1536 2751 spatium
1554 2697 1609 2738 sit
1629 2697 1770 2751 paullo

245 2770 434 2824 amplius.
1663 2806 1689 2822 w
1720 2806 1759 2821 ων

298 2838 395 2887 464,
425 2851 456 2875 1.
492 2836 609 2876 Inter
636 2835 747 2886 λέγει
773 2840 815 2874 et
837 2837 959 2874 οἴεται
981 2833 1093 2874 nulla
1120 2837 1183 2873 est
1213 2832 1363 2873 lacuna
1383 2831 1425 2870 in
1448 2830 1512 2879 T.,
1534 2830 1606 2870 sed
1629 2847 1699 2870 ταυ
1726 2862 1734 2871 .
1759 2860 1766 2870 .

241 2904 407 2958 legitur.
