1956 3239
264 95 349 138 782
821 94 1239 137 APPENDIX.

319 209 418 252 475,
443 210 504 238 12.
539 198 611 238 Ad
642 211 807 239 versum
839 212 935 253 493.
969 200 1023 239 T.
1059 214 1085 252 p
1108 200 1199 251 189.
1233 200 1382 239 ἀλαοῦε
1415 201 1580 250 τυφλοῦ,
1615 200 1719 250 παρὰ
1747 198 1791 238 τὸ

263 266 379 313 ἀλᾶν,
407 264 429 315 ἢ
451 264 578 313 λάειν,
609 266 631 304 ὅ
659 266 741 305 ἐστι
772 266 816 305 τὸ
848 266 1033 316 βλέπειν.
1063 269 1288 318 πηρωθῆναι
1313 265 1343 306 δ’
1367 265 1484 305 αὐτὸν
1511 265 1639 319 (adde
1671 267 1789 317 φησι)

263 334 482 385 Φερεκύδης
505 334 637 373 ἰδόντα
658 333 728 384 τὴν
743 333 917 384 Ἀθηνᾶν
937 333 1159 384 λουομένην
1182 335 1225 373 ἐν
1246 334 1296 387 τῷ
1317 333 1514 385 παρθένον
1535 333 1794 386 ὑπάρχουσαν

265 403 327 442 καὶ
350 404 606 453 κορευθεῖσαν
628 402 702 442 ὑπὸ
723 401 982 443 ’Λπόλλωνος
1005 404 1057 444 εἰς
1087 405 1131 441 τὸ
1156 403 1335 442 καίεσθαι
1355 402 1521 453 μέλλειν
1545 402 1619 442 ὑπὸ
1643 401 1792 452 Εὐήρου

262 471 331 507 τοῦ
362 468 507 519 πατρὸς
539 469 594 510 εἷς
626 469 748 519 ἄνδρα
781 468 1081 519 μεταβαλέσθαι
1119 469 1253 523 γνώμῃ
1285 471 1352 507 τοῦ
1383 471 1473 508 θεοῦ
1509 468 1570 507 καὶ
1599 469 1694 517 μίαν
1724 467 1794 517 τὴν

263 533 450 585 γενέσθαι
483 533 579 587 (Sic)
612 535 673 574 καὶ
703 536 802 585 μετὰ
833 538 955 574 ταῦτα
979 533 1113 586 ‘'Hpav
1147 536 1339 586 ἐρίσασαν
1365 536 1464 584 μετὰ
1492 534 1589 576 Διὸς
1618 534 1679 573 καὶ
1706 533 1794 585 περὶ

263 603 326 650 τῆς
359 601 498 651 ἡδονῆς
527 601 616 652 παρ”
642 601 815 655 ὁποτέρῳ
846 602 889 641 τὸ
921 603 1062 642 πλεῖόν
1093 603 1178 642 ἐστι
1205 603 1416 653 Τειρεσίαν
1443 602 1615 653 ἐρέσθαι.
1647 601 1716 641 τὸν
1751 602 1794 641 δὲ

264 670 390 709 εἰπεῖν
416 670 475 709 ὅτι
503 672 660 719 μᾶλλον
687 671 820 720 ἥδεται
841 669 951 722 γυνή.
994 670 1052 709 διὸ
1087 671 1148 709 καὶ
1178 673 1401 721 πηρωθῆναι
1428 669 1503 710 ὑπὸ
1523 668 1667 720 ἽΙρας,
1700 671 1720 709 ὁ
1753 671 1794 709 δὲ

265 734 363 776 Ζεὺς
386 738 565 786 δωρεῖται
581 735 651 785 τὴν
671 738 870 786 μαντείαν.
923 736 1118 776 Scholion
1144 736 1246 776 locis
1272 736 1461 790 pluribus
1482 740 1729 789 corruptum
1751 740 1796 776 et

264 801 487 850 defectum,
512 806 560 842 ut
585 802 648 842 vel
678 817 729 843 ex
760 802 841 843 illis
862 803 998 844 verbis
1029 808 1209 858 apparet
1235 803 1433 855 παρθένον
1453 803 1710 856 ὑπάρχουσαν
1733 804 1794 844 καὶ

263 871 519 919 κορευθεῖσαν
550 869 624 909 ὑπὸ
650 869 922 918 Ἀπόλλωνος,
946 885 1038 925 quae
1070 886 1180 911 nunc
1211 871 1273 911 ita
1301 871 1505 911 collocata
1533 875 1633 911 sunt
1665 875 1714 911 ut
1741 871 1797 911 ad

261 934 435 987 Ἀθηνᾶν
455 937 603 977 referri
624 937 862 988 videantur,
886 940 997 992 quod
1019 939 1250 979 absurdum
1272 943 1350 979 est.
1415 939 1521 979 Post
1544 941 1586 979 ἐν
1608 942 1658 994 τῷ
1681 939 1794 980 fluvii

262 1020 415 1046 nomen
438 1011 480 1046 et
501 1006 584 1047 alia
606 1006 728 1060 plura
750 1007 952 1048 excidisse
973 1008 1182 1049 videntur.
1245 1008 1360 1048 Nihil
1392 1008 1494 1048 lucis
1516 1008 1641 1049 affert
1665 1009 1796 1063 Apol-

263 1072 399 1112 lodori
436 1073 638 1122 narratio,
672 1074 770 1115 licet
810 1075 902 1129 ipsa
936 1090 1102 1129 quoque
1138 1090 1191 1116 ex
1225 1076 1371 1116 eodeni
1409 1075 1664 1129 Pherecydis
1705 1075 1798 1115 loco

264 1145 421 1187 sumta,
444 1155 483 1195 3,
508 1143 547 1190 6,
573 1154 636 1194 7.:
668 1143 717 1194 ῆν
747 1146 853 1195 παρὰ
889 1146 1085 1195 Θηβαίοις
1118 1143 1254 1195 μάντις
1283 1145 1492 1193 Τειρεσίας
1524 1143 1697 1195 Εὐήρους
1733 1145 1797 1184 καὶ

263 1212 488 1260 Χαρικλοῦς
526 1211 689 1261 νύμφης,
734 1210 810 1250 ἀπὸ
850 1211 990 1263 γένους
1026 1212 1198 1251 Οὐδαίου
1239 1214 1306 1250 τοῦ
1347 1213 1542 1262 Σπαρτοῦ,
1585 1211 1798 1262 γενόμενος

266 1276 415 1329 τυφλὸς
448 1279 516 1319 τὰς
549 1277 718 1329 ὁράσεις·
753 1277 798 1318 οὗ
829 1279 917 1330 περὶ
953 1282 1019 1329 τῆς
1049 1280 1261 1331 πηρώσεως
1296 1279 1356 1319 καὶ
1390 1281 1574 1329 μαντικῆς
1608 1278 1797 1330 λέγονται

264 1344 380 1395 λόγοι
402 1343 594 1396 διάφοροι.
627 1345 745 1384 ἄλλοι
765 1346 839 1395 μὲν
860 1347 934 1397 γὰρ
958 1345 1075 1385 αὐτὸν
1096 1345 1171 1385 ὑπὸ
1197 1349 1296 1385 θεῶν
1324 1351 1425 1396 φασι
1456 1347 1710 1396 τυφλωθῆναι
1738 1346 1797 1385 ὅτι

263 1414 344 1451 τοῖς
365 1411 584 1458 ἀνθρώποις
606 1412 630 1451 δι
656 1413 836 1463 κρύπτειν
859 1412 1007 1462 ἤθελον
1035 1411 1188 1462 ἐμήνυε·
1223 1413 1442 1463 Φερεκύδης
1471 1413 1511 1451 δὲ
1533 1412 1607 1451 ὑπὸ
1628 1411 1798 1462 Ἀθηνᾶς

266 1477 387 1517 αὐτὸν
407 1480 671 1529 τυφλωθῆναι.
704 1479 828 1518 οὖσαν
850 1481 925 1531 γὰρ
946 1479 1017 1528 τὴν
1039 1481 1223 1531 Χαρικλὼ
1244 1481 1449 1531 προσφιλῆ
1475 1480 1519 1533 τῇ
1546 1478 1696 1532 Ἀθηνᾷ
1720 1511 1728 1519 .
1755 1510 1762 1519 .
1787 1510 1795 1519 .

265 1546 416 1597 γυμνὴν
439 1546 500 1585 ἐπὶ
525 1546 653 1586 πάντα
675 1547 771 1586 ἰδεῖν
793 1551 872 1587 etc.

320 1623 418 1666 475,
444 1615 507 1653 16.
532 1612 645 1667 δέκα]
669 1617 745 1653 τῶν
767 1614 861 1654 δέκα
878 1614 936 1654 H.

320 1689 419 1734 475,
442 1691 505 1732 17.
530 1679 581 1733 δ’]
616 1682 690 1731 μὲν
712 1680 742 1721 δ’
767 1681 824 1721 Η.
866 1683 939 1733 μὲν
963 1681 993 1721 τ’
1018 1682 1066 1734 Q.
1128 1683 1259 1723 Recte
1292 1682 1494 1736 scriptum
1519 1682 1562 1722 in
1584 1682 1639 1723 V.
1662 1681 1705 1721 in
1727 1697 1796 1722 ex-

264 1746 421 1800 cerptis
442 1761 495 1787 ex
517 1747 596 1787 hoc
619 1748 788 1789 scholio.

321 1824 420 1868 475,
441 1828 505 1855 20.
525 1815 595 1855 Ad
610 1831 633 1855 v
647 1826 744 1868 495.
764 1816 807 1856 in
826 1818 880 1857 T.
904 1818 959 1870 (p.
976 1817 1083 1870 189.)
1104 1818 1171 1871 οἵῳ
1188 1819 1435 1858 πεπνύσθαι;
1464 1816 1662 1867 Ἀρίαιθός
1676 1822 1798 1868 φησιν

258 1880 395 1933 ‘'Hpav
415 1887 669 1933 μεταβοῦσαν
694 1884 790 1937 (Sic)
817 1886 879 1925 ἐπὶ
900 1886 951 1939 ’τῷ
978 1889 1156 1936 πηρῶσαι
1179 1886 1298 1926 αὐτὸν
1320 1888 1515 1926 αἰτεῖσθαι
1540 1887 1628 1937 περὶ
1645 1890 1797 1937 Περσε-

266 1949 390 2000 φόνης
411 1948 514 1989 ὥστε
533 1950 632 1991 εἶναι
655 1951 771 1991 αὐτὸν
794 1952 855 1991 καὶ
878 1953 1130 1992 ἀποθανόντα
1152 1953 1222 2002 τὴν
1237 1951 1439 2003 μαντικήν.
1471 1953 1639 2003 περὶτῆς
1659 1951 1798 2005 τέχνης

265 2015 335 2055 οῦν
350 2017 472 2065 μόνον
485 2016 596 2068 λέγει
614 2019 680 2071 οἵῳ
695 2019 915 2058 πεπνύσθαι
935 2020 998 2058 καὶ
1014 2020 1034 2058 ὁ
1051 2019 1168 2069 μόνος
1186 2021 1226 2059 δὲ
1244 2018 1447 2065 πέπνυται,
1467 2018 1554 2059 ἀλλ’
1570 2019 1614 2059 οὐ
1630 2021 1735 2070 παρὰ
1753 2018 1797 2059 τὸ

265 2082 490 2134 προλέγειν,
515 2083 604 2123 ἀλλ’
630 2086 674 2124 ἐν
694 2085 746 2138 τῷ
777 2084 914 2136 λέγειν
935 2089 1013 2127 τοῖς
1046 2087 1089 2125 ἐν
1103 2085 1254 2126 (Ἀιδου.
1287 2087 1324 2125 οἱ
1351 2087 1392 2125 δὲ
1415 2086 1533 2125 ἄλλοι
1555 2088 1705 2137 φρένας
1724 2086 1798 2135 μὲν

268 2148 389 2200 εἶχον,
414 2148 560 2202 τέχνην
581 2152 622 2190 δὲ
644 2152 704 2191 οὕ.
766 2151 984 2192 Ariaethus
1006 2156 1071 2192 est
1092 2166 1231 2192 rerum
1254 2151 1582 2206 Tegeaticarum
1604 2151 1796 2205 scriptor,

267 2215 384 2267 cujus
419 2231 632 2269 perpauca
666 2218 905 2272 fragmenta
946 2223 1171 2271 supersunt
1212 2218 1385 2258 collecta
1420 2218 1473 2258 ab
1508 2218 1716 2258 Muellero
1755 2218 1798 2257 in

270 2280 440 2335 Fragm.
466 2283 630 2323 Histor.
653 2284 731 2324 vol.
751 2298 791 2335 4.
814 2299 851 2338 p.
870 2286 966 2338 318.
991 2285 1141 2338 quibus
1162 2299 1272 2324 nunc
1293 2285 1372 2324 hoc
1394 2284 1633 2325 scholiastae
1662 2284 1797 2325 nostri

266 2349 457 2389 accedat.

324 2427 422 2469 475,
441 2417 506 2457 26.
532 2416 644 2457 αὗται
665 2418 907 2470 παρέπονται
930 2420 1092 2460 Buttm.
1115 2435 1191 2474 pro
1214 2420 1325 2460 αὐταὶ
1346 2419 1584 2472 παρέποντο.

325 2493 422 2536 475,
444 2483 509 2524 28.
536 2485 579 2523 ἐν
600 2488 651 2539 τῷ
675 2499 752 2525 om.
778 2486 880 2537 RQ.

323 2551 422 2602 476,
445 2562 484 2601 4.
508 2551 740 2608 ἐλάχιστον]
766 2554 976 2605 ἐλαχίστου
1000 2553 1066 2602 Τ.,
1088 2554 1187 2595 licet
1208 2554 1364 2594 habeat
1386 2555 1430 2594 τὸ
1451 2554 1623 2605 τέμενος.

324 2616 422 2667 476,
438 2628 477 2669 5.
502 2618 635 2671 ἀκτὴν]
659 2620 796 2659 ἀκτῖνα
819 2621 874 2659 Τ.

322 2683 420 2733 476,
441 2696 478 2736 9.
513 2684 596 2734 ἱερὰ
628 2685 690 2724 καὶ
721 2686 936 2737 σύνδενὸρα
967 2687 1106 2740 χωρία]
1138 2687 1233 2726 Hoc
1268 2686 1448 2727 fortasse
1482 2701 1533 2727 ex
1565 2686 1794 2727 Eustathio

266 2763 308 2802 p.
330 2751 450 2802 1667,
477 2762 514 2802 7.
766 2754 827 2793 καὶ
848 2768 929 2794 om.
958 2754 1005 2795 B.

320 2818 420 2869 476,
451 2830 512 2857 10.
559 2819 758 2873 πεπανθῇ]
809 2820 986 2862 Poterat
1028 2825 1274 2872 πεπανθῆναι
1315 2822 1495 2863 scribere
1531 2826 1574 2862 et
1614 2822 1794 2862 fortasse

265 2883 447 2938 scripsit.
