1956 3239
768 108 1179 149 APPENDIX.
1652 112 1736 154 747

273 232 363 275 135,
387 223 425 261 6.
449 220 620 274 ψυρίων]
648 225 801 272 ψυριῶν
818 220 868 261 T.

273 299 366 344 135,
389 302 402 328 1
415 302 435 329 2
457 288 549 341 .H.]
572 288 696 328 Adde
711 288 772 337 T„
792 287 861 341 qui
885 287 1438 339 καταπνεομένην-ὑψηλήν,
1456 288 1553 329 licet
1570 289 1612 329 in
1633 289 1731 330 lem-

210 359 323 404 mate
344 356 560 406 ἠνεμόεντα
579 354 750 395 habeat.

268 424 309 463 δὲ
330 427 375 463 et
395 422 559 474 ἐρυθρὸν
580 436 660 463 0111.
682 422 731 462 T.

268 490 442 544 ἀντικρὺ]
471 491 645 542 ἄντικρυς
668 489 716 530 Τ.

271 567 364 612 135,
389 570 454 608 14.
480 558 673 612 Εὔβοιαν]
701 559 828 599 εὕοιον
852 558 965 598 M.T.

266 624 336 675 τὴν
357 624 762 678 τούτων-Ἀθηνῶν]
805 628 924 676 νῆσος
953 626 1068 678 ἐγγὺς
1089 625 1311 677 Ἀθηναίων
1331 626 1354 677 ἢ
1375 627 1419 667 τὸ
1451 627 1575 679 μέσον
1596 632 1735 681 Ψυρῶν

211 693 274 733 καὶ
293 693 392 733 Χίου
406 709 415 733 t
432 717 487 723 -
501 693 548 733 Τ.

271 770 365 815 135,
386 761 448 800 16.
473 762 703 813 ἷχθυόεντα;
739 762 858 813 ἄκρον
881 762 1055 812 Εὐβοίας
1076 763 1131 804 εἰς
1152 763 1294 814 ἄρκτον
1314 779 1381 802 2—
1395 763 1443 802 Τ.

271 840 366 882 135,
388 841 451 882 19.
474 829 494 867 ὁ
516 832 723 869 Ποσειδῶν
744 833 839 883 post
861 830 1058 884 Γεραιστῷ
1081 829 1129 870 Τ.

270 896 366 949 136,
389 908 421 935 1.
458 895 634 948 πέλαγος
668 896 771 946 μέγα
805 897 1091 949 μετρήσαντεςε
1141 899 1372 948 διελθόντες,
1411 899 1734 950 διαπεράσαντες,

208 962 584 1015 οὐριοδρομήσαντες
599 981 666 1003 :—
690 964 740 1004 Τ.
804 964 922 1005 Idem
942 965 997 1006 ad
1014 981 1049 1005 v.
1071 966 1156 1006 182.
1182 965 1307 1017 ἔσβηῑ
1345 966 1592 1018 ἀπεσβέσθη,
1615 969 1732 1009 ἐπαύ-

209 1047 307 1071 σατο
323 1047 390 1071 :—-
423 1031 597 1072 Πύλονδ’
616 1033 733 1085 ἔχον;
767 1033 830 1073 ἐπὶ
850 1033 921 1083 τὴν
943 1034 1082 1073 Πύλον
1102 1033 1277 1083 ἤλαυνον
1292 1049 1362 1073 :—

269 1100 365 1151 136,
390 1114 427 1153 9.
451 1099 598 1140 Habet
618 1100 697 1140 hoc
719 1101 904 1141 scholion
926 1102 971 1141 Τ.
1016 1102 1124 1143 infra
1144 1106 1242 1156 post
1262 1102 1447 1143 scholion
1468 1103 1523 1144 ad
1544 1118 1581 1143 v.
1603 1117 1698 1145 200.

270 1168 361 1221 136,
384 1180 446 1207 ΙΙ.
469 1167 626 1208 πάντων
648 1167 743 1222 τῶν]
767 1173 843 1208 τῶν
865 1169 1024 1210 πάντων
1042 1169 1091 1209 Τ.

270 1235 364 1287 136,
384 1247 448 1276 12.
471 1235 516 1274 οὐ
537 1235 722 1290 πιθανόν]
747 1235 939 1276 ἀπίθανον
957 1235 1004 1275 T.

268 1300 360 1354 136,
380 1314 442 1352 14.
478 1300 583 1342 Post
606 1301 782 1352 ἐκπομπή
806 1301 854 1341 T.
877 1302 1031 1357 pergit,
1052 1303 1155 1344 ὥστε
1176 1305 1225 1343 τὰ
1253 1304 1340 1355 περὶ
1360 1303 1429 1344 τὸν
1449 1304 1598 1356 πατέρα
1620 1305 1735 1357 ἀφεὶς

205 1368 405 1421 μακαρίζει
425 1368 619 1421 Ὀρέστην
644 1371 714 1423 (ex
735 1384 776 1423 p.
796 1370 889 1424 138‚
913 1372 972 1423 6.)
991 1369 1172 1411 ε--ἆλλ’
1196 1371 1261 1412 ἵνα
1292 1372 1354 1412 καὶ
1383 1372 1428 1412 τὸ
1465 1372 1552 1425 περὶ
1572 1371 1735 1424 Ἑλένης

206 1439 388 1478 ἐντεῦθεν
418 1438 640 1492 διατυπώσῃ
671 1439 768 1478 ὄντα
800 1439 842 1479 ἐν
870 1439 990 1494 ἡδονῇ
1008 1439 1123 1480 ε-αἲ
1155 1442 1229 1491 γὰρ
1262 1439 1349 1491 ἐμοί
1369 1442 1421 1493 (v.
1450 1442 1563 1494 205.)
1583 1442 1735 1481 ε-εἵθε

206 1507 281 1557 γὰρ
303 1507 392 1556 ε’μοί
402 1522 472 1546 :—

270 1575 363 1627 136‚
386 1575 449 1614 16.
472 1576 539 1613 τοῦ
561 1573 717 1614 addidi.

270 1641 363 1695 136,
384 1654 445 1693 17.
471 1641 521 1680 In
536 1641 583 1681 T.
601 1641 946 1693 ἤτοι-ἀπήντησε
962 1643 1091 1695 φίλος.
1125 1645 1168 1683 τὸ
1184 1646 1260 1696 γὰρ
1276 1646 1566 1695 σημαινόμενον
1583 1643 1734 1685 οὐδέτε-

207 1725 290 1759 ρον.
331 1707 354 1759 ἢ
376 1709 632 1761 πρὸς-παῖς.
676 1710 720 1749 τὸ
743 1711 784 1750 δὲ
806 1710 974 1760 ἀπευθὴς
995 1712 1081 1751 ἀντὶ
1103 1714 1171 1751 τοῦ
1190 1713 1311 1761 μηδὲν
1328 1714 1618 1763 πυνθανόμενος
1637 1713 1734 1763 μηδὲ

207 1777 377 1820 ἀκούσας
391 1793 461 1817 :—

270 1846 363 1898 136,
388 1857 454 1886 22.
478 1845 573 1885 ἔνθα
593 1844 662 1899 ἂν]
687 1845 799 1887 ἔθνος
820 1844 865 1885 ὃν
890 1845 980 1899 (sic)
1006 1845 1054 1886 ἂν
1075 1845 1122 1885 Τ.

268 1922 420 1965 137,1.
444 1913 506 1952 καὶ
527 1926 607 1952 om.
627 1911 674 1951 T.

269 1992 363 2033 137,
386 1993 425 2032 5.
449 1981 752 2033 ἐγχεσιμόρους;
787 1982 823 2020 οἱ
844 1981 931 2031 περὶ
953 1982 999 2019 τὰ
1022 1982 1164 2031 δόρατα
1184 1982 1468 2032 μεμορακότεςῐ
1484 2005 1540 2011 -
1554 1981 1600 2020 T.

270 2058 361 2100 137,
385 2058 422 2100 7.
444 2048 718 2098 μετὰ-αὐτοῦ
740 2061 819 2088 0111.
839 2047 886 2086 T.

271 2126 364 2170 137,
385 2116 422 2155 8.
446 2115 483 2170 ὁ]
507 2116 568 2155 καὶ
591 2114 638 2154 Τ.

270 2192 364 2237 137,
384 2195 448 2237 13.
472 2182 542 2235 Q]
568 2181 693 2222 Adde
715 2181 760 2221 Τ.

269 2261 364 2304 137,
389 2261 566 2303 14—17.
590 2249 640 2289 In
657 2250 703 2289 T.
722 2250 926 2292 ἐπιπόνως.
972 2250 1202 2301 μετήνεκται
1223 2252 1264 2290 δὲ
1281 2250 1324 2290 τὸ
1342 2251 1556 2303 ἐγχείρημα
1572 2249 1649 2290 ἀπὸ
1666 2252 1734 2289 τοῦ

207 2317 532 2372 ἐπισμυχομένου.
564 2318 624 2358 καὶ
641 2318 846 2368 ἐπισμύξαι
862 2318 950 2369 πυρὶ
968 2320 1074 2368 νῆας,
1089 2319 1243 2371 σμυχὸν
1260 2318 1303 2358 δέ
1321 2320 1405 2358 ἐστι
1420 2318 1462 2357 τὸ
1477 2318 1553 2358 ἀπὸ
1568 2335 1606 2358 π.
1617 2318 1653 2357 ἆ.
1666 2334 1734 2357 ;--

271 2398 362 2439 137,
386 2386 449 2425 18.
473 2383 749 2439 μετήλειπται]
770 2386 1025 2436 μετείληπται
1047 2385 1097 2425 Τ.

271 2453 363 2506 138,
384 2465 424 2506 3.
446 2453 661 2505 προτροπή]
688 2454 816 2504 πρώτη
840 2452 886 2492 Τ.

266 2522 340 2570 γὰρ
362 2533 444 2559 0111.
461 2520 508 2559 T.

270 2586 364 2640 138,
384 2598 424 2640 5.
447 2585 584 2641 οὕτως]
607 2588 739 2635 ὄντως,
763 2587 928 2636 ἀληθῶς.
978 2587 1090 2629 οὗτος
1111 2589 1154 2628 δὲ
1176 2587 1223 2627 Τ.

268 2654 364 2708 138,
385 2654 423 2693 6.
455 2652 758 2704 ὡς-Ὀρέστην
788 2667 869 2693 om.
893 2653 963 2693 T.:
1008 2654 1139 2695 habet
1169 2654 1280 2695 enim
1311 2669 1440 2709 supra
1475 2655 1566 2696 loco
1596 2654 1732 2697 alieno

206 2719 337 2771 illata,
358 2725 407 2761 ut
428 2720 515 2760 dixi
536 2720 590 2761 ad
614 2722 706 2774 136,
730 2733 790 2772 ¹4·

270 2789 362 2842 138,
386 2788 449 2828 16.
473 2789 725 2841 ἐχθαίρουσιε
761 2788 847 2828 ἀντὶ
868 2791 936 2828 τοῦ
960 2792 1136 2839 μισοῦσι,
1161 2790 1223 2830 καὶ
1251 2790 1472 2840 βούλονταί
1497 2805 1543 2828 σε
1574 2790 1732 2828 ἀνελεῖν

207 2855 248 2896 ἔκ
269 2873 302 2896 τ.
327 2859 362 2897 θ.
381 2856 671 2906 ῑ-ἆνέμνησας
695 2858 751 2906 (ν.
777 2857 918 2907 21¹.):
952 2858 1071 2897 εἰπὼν
1093 2857 1330 2908 ὑπέμνησας.
1380 2856 1462 2897 εἶπέ
1487 2872 1552 2905 μοι
1581 2855 1602 2905 ἢ
1633 2856 1730 2894 ἑκὼν

206 2923 478 2975 ὑποδάμνασαι
511 2924 694 2966 ἑκουσίως
717 2922 850 2976 ἀνέχει
881 2924 932 2973 μὴ
960 2926 1205 2974 βουλόμενος
1235 2926 1464 2973 ὑπεξελθεῖν
1492 2922 1560 2972 τὴν
1588 2924 1726 2973 ὕβρινε
