1956 3239
257 85 341 129 768
814 88 1234 129 APPENDIX.

315 209 414 252 305,
436 200 502 241 26.
524 199 763 255 λευγαλέος]
790 199 960 240 Excidit
977 217 1079 242 τινες
1102 200 1165 240 vel
1187 213 1336 239 nomen
1355 197 1490 239 critici
1508 197 1579 252 qui
1601 197 1660 237 sic
1681 196 1786 251 legit

257 280 334 319 pro
357 266 610 318 σμερδαλέος.

316 335 412 388 306,
430 347 468 385 4.
492 332 538 374 ἵν’
556 332 868 389 ᾗ--χεῖρας-οἶ
891 337 1145 375 δὲ-λείπειν
1167 348 1247 375 om.
1268 334 1317 386 Q.

311 402 412 454 306,
431 412 469 453 7.
490 400 514 452 ἢ
535 407 578 442 et
599 403 782 442 λίσσοιτο
803 417 884 442 om.
910 402 956 441 P.

315 470 414 522 306,
433 482 451 508 1
464 481 499 508 2.
522 469 766 524 πανοῦργον]
792 469 853 509 καὶ
874 473 1101 521 πανοῦργον
1119 469 1167 521 Q.

313 537 411 590 306,
433 546 496 589 15.
521 536 804 590 εἶρησομένων]
832 536 1114 589 ῥηθησομένων
1137 537 1184 588 Q.

314 615 411 657 307,
432 617 465 643 1.
490 604 777 657 αἰὲν-κακῶς]
803 603 846 643 τὸ
866 605 950 644 αἰὲν
968 604 1234 659 εὐφροσύνῃσι
1252 605 1295 644 ἐν
1313 603 1579 658 εὖφροσύνῃσι
1597 606 1718 644 κακῶς
1736 602 1786 654 Q.

315 683 412 725 307,
436 684 498 722 14.
523 670 588 725 τὸ]
614 670 682 710 τὸν
705 671 754 722 Q.

315 749 414 792 307,
435 747 500 791 15.
525 736 716 791 στελέχη]
741 737 882 791 τελέχη
907 738 957 790 Q.

316 816 415 860 307,
439 817 505 844 20.
528 805 600 859 τῷ]
627 805 669 844 τὸ
693 804 744 844 Β.

315 883 411 926 307,
431 883 497 926 25.
521 873 630 912 ἀλλὰ
650 871 826 928 τὸ-τῷ]
851 873 957 912 ἀλλὰ
980 873 1041 913 καὶ
1061 872 1207 913 τὸ-τε
1231 872 1280 924 Q.
1298 883 1302 887 “

313 940 412 993 308,
430 952 470 993 3.
493 939 684 996 ἀνήλυθε]
710 939 934 990 ἀνελήλυθε
957 940 1006 992 Q.

313 996 413 1061 308,
437 1019 497 1061 13.
521 1006 592 1046 Ad
612 1022 650 1048 v.
674 1009 765 1047 166.
786 1007 992 1062 ἐτεθήπεα]
1025 1008 1103 1048 ἀπὸ
1129 1011 1197 1048 τοῦ
1228 1008 1360 1048 θάπτω
1382 1008 1425 1048 τὸ
1453 1007 1629 1058 θαυμάζω
1651 1009 1671 1048 6
1696 1007 1789 1058 μέλ-

255 1080 338 1115 λων
361 1074 489 1127 θάψω,
512 1076 532 1114 6
553 1077 837 1127 παρακείμενος
862 1075 1027 1127 τέθαφα,
1051 1076 1071 1114 6
1093 1074 1215 1126 μέσος
1235 1075 1388 1115 τέθαπα
1414 1075 1476 1115 καὶ
1501 1074 1646 1125 τέθηπα
1668 1075 1787 1129 τροπῇ

256 1147 324 1183 τοῦ
345 1147 368 1183 ᾶ
393 1144 447 1186 εἰς
467 1151 504 1194 ῆ,
527 1145 547 1183 ὁ
573 1143 902 1195 ὑπερσυντέλικος
929 1143 1142 1194 ἐτεθήπειν,
1174 1143 1236 1184 καὶ
1264 1145 1397 1196 ὥσπερ
1420 1143 1530 1199 ᾔδειν
1550 1141 1658 1198 ᾔδεα,
1689 1144 1788 1183 οὕτω

257 1210 320 1251 καὶ
343 1210 546 1261 ἐτεθήπειν
569 1210 762 1261 ἐτεθήπεα
783 1211 831 1251 Β.

314 1278 412 1331 308,
434 1291 496 1328 19.
526 1278 657 1332 κινῶν]
681 1282 802 1319 κινεῖν
825 1279 873 1330 Q.

317 1345 414 1399 308,
434 1356 501 1398 27.
527 1346 797 1400 διαφυλάττει]
820 1345 1012 1398 φυλάττει
1036 1346 1082 1398 Q.

316 1425 416 1467 309,
434 1426 475 1464 4.
500 1412 649 1468 κοινὸς]
675 1417 810 1456 κοινῶς
833 1413 882 1465 Q.

315 1493 414 1534 309,
435 1492 474 1534 5.
499 1480 637 1535 ἑαυτῷ]
662 1481 762 1535 αὐτῷ
787 1481 834 1532 Q.

315 1561 413 1602 309,
432 1548 495 1588 18.
520 1551 563 1603 τῇ
588 1565 617 1588 ε.
642 1548 840 1603 κέχρηται]
864 1550 906 1588 δὲ
927 1551 972 1604 τῇ
997 1566 1025 1588 ε.
1049 1551 1188 1602 χρῆται
1209 1549 1275 1597 Ε.,
1297 1548 1339 1588 in
1361 1563 1444 1602 quo
1472 1549 1562 1589 haec
1590 1549 1789 1604 leguntur

259 1619 356 1669 post
376 1614 447 1655 lin.
468 1627 534 1668 27.

317 1696 418 1737 309,
440 1697 503 1738 19.
528 1683 757 1738 ἀποδοῦναι]
781 1685 1009 1724 ἀποδιδόναι
1033 1683 1082 1735 Q.

315 1762 414 1804 309,
436 1763 500 1792 20.
525 1750 933 1806 αὐτῇ-τῶν-παρὰ]
958 1751 1363 1803 αὐτοῖς-τοῦ--περὶ
1386 1751 1436 1791 Ε.

316 1828 416 1870 309,
435 1827 502 1869 29.
526 1815 644 1870 οἶκος]
675 1818 694 1856 6
717 1816 822 1859 οἶκος
844 1817 892 1868 Q.

316 1896 414 1937 310,
435 1894 499 1936 17.
522 1885 688 1934 τηλόθεν
709 1885 956 1936 πεπερακότα
978 1888 1042 1925 est
1063 1884 1192 1925 etiam
1213 1884 1256 1924 in
1279 1885 1325 1925 T.

317 1963 415 2004 311,
436 1964 499 2004 15.
522 1951 1041 2006 πολυκλύστῳ-”Αλπεωι’]
1074 1952 1136 1992 καὶ
1166 1953 1262 1992 ὅταν
1290 1952 1479 2005 μέγιστον
1509 1955 1598 2005 ὄρος
1630 1955 1717 2004 εἴπῃ
1731 1953 1789 1994 ὀὗ

258 2022 392 2068 μεῖζον
410 2018 608 2059 καυκάσου
629 2019 716 2059 οὐδὲ
739 2020 894 2070 τμώλου
913 2020 974 2060 καὶ
996 2019 1155 2060 ἆλπέων
1174 2020 1220 2060 Τ.
1243 2025 1341 2074 post
1358 2021 1487 2062 verba
1503 2035 1630 2075 supra
1650 2021 1790 2076 posita

258 2099 302 2139 p.
326 2098 422 2139 310,
445 2085 623 2127 18—22.

317 2170 367 2211 31
381 2170 416 2208 Ι,
434 2158 498 2198 18.
522 2158 823 2210 οὐ-προκρίνει
845 2160 907 2199 καὶ
928 2160 1020 2214 τῶν]
1043 2151 1355 2213 οὖν-προκρίνέ
1376 2163 1437 2202 καὶ
1459 2163 1504 2202 οὗ
1525 2167 1603 2203 τῶν
1619 2163 1664 2202 T.

315 2237 413 2277 311,
439 2237 505 2266 21.
527 2223 748 2278 Ἀπειραίη]
772 2225 955 2277 ἀπειραῖα
978 2226 1025 2265 Τ.

315 2304 366 2344 31
381 2305 413 2337 1,
435 2303 502 2333 22.
524 2291 618 2345 ἀπὸ]
642 2292 819 2342 ἆπειραίη
843 2291 891 2331 Τ.

317 2357 478 2411 δούλην]
503 2361 645 2398 δοῦλον
668 2358 771 2409 E.Q.

316 2438 414 2479 311,
437 2438 501 2478 23.
524 2441 580 2466 τις
603 2425 785 2475 ἐπώλησε
806 2439 874 2464 om
897 2425 944 2465 T.
968 2425 1008 2465 in
1031 2425 1193 2466 lacuna.

316 2505 367 2545 31
385 2506 414 2542 1,
435 2505 499 2543 24.
524 2494 657 2532 πολλὰ
678 2493 829 2546 λέγειν]
857 2495 1052 2534 πλειόνων
1075 2494 1236 2547 ἀλέγειν
1257 2494 1304 2534 Τ.

317 2561 622 2611 ὁμολογοῦντος]
649 2559 970 2611 ὁμολογήσαντος
992 2560 1097 2612 E.Q.

317 2641 414 2682 311,
436 2637 500 2681 27.
524 2631 636 2667 τοῦτο
658 2642 739 2668 om.
760 2627 806 2668 T.

317 2698 455 2746 δηλοῖν
476 2695 606 2746 ἐστιν]
629 2698 836 2744 δηλοῦντες
859 2695 908 2735 Τ.

316 2775 413 2816 311,
435 2774 501 2815 29.
523 2760 732 2816 γενέσθαι]
757 2763 1051 2815 παραγενέσθαι
1073 2763 1121 2804 Τ.

316 2842 412 2883 312,
433 2829 469 2869 8.
493 2832 619 2869 δῶκαν
640 2830 682 2868 δὲ
701 2828 871 2884 χρυσέῃ]
897 2832 966 2870 κὰδ
989 2834 1019 2870 δ’
1038 2830 1095 2882 ἄρ’
1114 2832 1292 2882 ὀδυσσῆα
1314 2834 1386 2884 (ex
1407 2845 1443 2872 v.
1469 2834 1584 2884 212.)
1605 2830 1654 2871 Τ.

316 2908 414 2950 312,
435 2910 472 2950 9.
497 2896 682 2949 ἔλουσεν]
708 2895 860 2946 ἔλαβον
878 2896 925 2937 Τ.
