1956 3239
248 66 333 109 794
833 66 1251 109 APPENDIX.

306 176 402 227 688,
423 188 459 217 2.
483 175 688 232 Μέροπος]
712 178 881 229 μερόπης
905 178 957 221 Q.

306 243 406 294 688,
431 253 468 295 7.
493 245 513 283 ὁ
536 245 594 296 δὲ]
621 243 668 285 ὃν
689 245 710 285 ὁ
733 243 787 286 Q.

306 311 403 360 688,
422 324 485 352 10.
509 307 743 364 συνειδέναι]
771 312 948 353 συνιέναι
971 313 1023 354 Q.

308 379 407 428 688,
426 392 490 434 13.
512 379 698 435 ἀγάμοις]
724 380 939 432 ἀγαμέναις
961 381 1016 422 Q.

307 447 407 496 688,
429 447 491 486 16.
516 447 560 487 οὐ
580 446 677 502 μὴν]
702 448 746 488 οὗ
767 449 890 497 μόνον
911 449 953 488 δὲ
975 448 1027 490 Q.

308 513 404 561 688,
424 525 489 568 25.
511 513 747 567 αἰτήσουσα]
775 514 973 565 αἰτήσασα
994 515 1047 556 Q.

308 583 361 635 69
365 591 406 636 5,
430 591 494 633 17.
520 581 644 621 αὐτῶν
666 582 869 622 ἀνατεῖναι
890 581 1052 623 Buttm.
1076 597 1152 637 pro
1175 583 1292 624 αὐτὸν
1314 585 1503 625 ἀντεῖναι.

308 649 407 703 697,
429 661 493 688 12.
515 647 588 702 τῷ]
611 648 654 687 τὸ
676 648 725 688 Β.

307 717 404 769 697,
426 727 493 769 32.
527 715 918 756 ὥστε-τούναντίου
942 716 1175 769 ἑλκομένου]
1212 716 1280 757 Sic
1305 717 1396 758 haeo
1423 716 1706 772 redintegravi
1729 732 1781 758 ex

252 781 483 823 Eustathio
513 796 553 836 p.
575 795 694 835 1900,
718 793 787 837 50.
839 782 1082 837 Legebatur
1103 784 1206 825 ὥστε
1237 783 1282 824 δι’
1306 785 1350 825 οὗ
1383 784 1600 836 ἑλκομένου
1622 787 1676 827 εἰς
1696 785 1781 826 τού-

252 851 413 891 ναντίον
434 850 680 899 ἀνοίγεσθαι,
701 849 872 904 reliquis
894 850 1070 891 omissis.

310 919 407 972 697,
425 928 493 971 35.
518 916 624 956 Haeo
643 931 808 972 quoque
829 917 1016 971 pleniora
1037 918 1150 972 apud
1172 917 1373 959 Eustath.

311 985 408 1038 699,
431 997 467 1024 1.
490 984 710 1037 πρόφασιν]
739 985 970 1036 προφασίην
991 984 1044 1026 Q.

311 1061 410 1104 707,
435 1063 501 1091 20.
536 1051 1066 1102 προεπιβεβουλευμένοι-
1080 1050 1175 1102 ἰήλω
1213 1052 1375 1093 correxi
1415 1067 1468 1093 ex
1505 1052 1706 1094 Eustath.
1738 1068 1782 1108 p.

258 1119 381 1173 1918,
404 1130 473 1172 52.
506 1132 583 1172 pro
604 1118 1217 1170 προεμβεβουλευμένοι-ἰάλω,
1240 1124 1284 1160 et
1307 1119 1377 1160 lin.
1401 1132 1469 1162 21.
1492 1122 1568 1173 γὰρ
1587 1125 1686 1175 post
1708 1122 1784 1174 ἔφη

254 1200 306 1226 ex
327 1185 530 1227 Eustat-h.
552 1184 709 1226 addidi.

315 1254 412 1306 708,
432 1266 495 1294 11.
527 1253 845 1308 περιρρεόμενος]
877 1254 1151 1295 Scribebatur
1171 1256 1483 1307 περιρευόμενος.
1537 1255 1711 1297 Correxi
1733 1269 1783 1296 ex

254 1319 471 1375 Apollonii
495 1320 599 1360 Lex·
623 1334 656 1360 s.
672 1335 710 1361 v.
731 1321 973 1372 περιρρηὸής.

315 1388 411 1441 708,
436 1399 501 1439 24.
525 1386 685 1427 Addidi
705 1387 765 1438 ἦν.

313 1467 413 1505 710,
433 1463 494 1507 15.
518 1453 795 1507 κεχρωσμένον
817 1454 979 1495 correxi
1000 1469 1077 1508 pro
1100 1455 1364 1509 κεχρωμένον.

314 1533 410 1577 713,
434 1522 498 1561 18.
522 1522 680 1574 ἑαυτοῦ]
708 1522 834 1562 αὐτῶν
857 1522 909 1563 Q.

316 1600 411 1643 714,
427 1600 467 1642 5.
489 1587 744 1642 Ἀρχίλοχος]
768 1589 979 1642 ἀντίλοχος
1002 1589 1051 1641 Q.

315 1667 413 1710 714,
435 1668 500 1697 21.
526 1654 577 1695 In
600 1655 652 1697 Q.
675 1657 919 1710 ἐπίστειλον]
946 1656 1200 1709 ἐπισπέρχον.

316 1733 411 1776 714,
436 1735 459 1765 2
464 1736 503 1777 3.
526 1725 738 1775 ξυστῆρσιν
759 1723 836 1763 ἀπὸ
859 1723 1004 1777 scripsi
1027 1738 1104 1778 pro
1125 1725 1332 1776 ξύστορσιν
1355 1723 1502 1764 ἀπὸ-.

316 1800 412 1843 717,
433 1790 495 1829 18.
517 1791 585 1831 τὰς
607 1789 796 1846 γνάθους]
820 1790 909 1833 τοὺς
929 1791 1078 1842 γνάθου
1101 1791 1213 1843 H.Q.

318 1868 413 1910 717,
435 1870 501 1910 19.
523 1856 738 1911 μάστακάς]
760 1856 942 1908 μάστακα
962 1858 1021 1898 Η.

319 1935 413 1977 717,
436 1936 506 1978 32.
528 1923 690 1979 ὡμοίου]
712 1925 845 1975 ὁμοίου
867 1924 983 1967 H.Q.

321 2003 417 2046 719,
435 1992 500 2031 18.
523 1993 543 2031 ὁ
566 2005 645 2031 om.
669 1991 723 2033 Q.

321 2069 418 2113 729,
441 2072 505 2111 14.
530 2059 811 2112 ἀργυρώνητοι]
839 2060 1106 2111 ἆργυρωνῆται
1129 2059 1181 2101 Q.

320 2138 417 2181 729,
438 2138 504 2177 24.
530 2127 592 2166 καὶ
613 2140 692 2166 om.
718 2125 770 2167 Q.

323 2204 421 2246 730,
440 2194 506 2235 28.
527 2193 724 2245 Ἀλύβην]
751 2194 909 2244 ἀλύβαν
932 2193 983 2234 Q.

324 2272 418 2313 731,
444 2273 509 2314 29.
532 2261 573 2299 δὲ
597 2259 801 2314 ἑκάτερον]
826 2260 866 2298 δὲ
890 2258 969 2298 κατ’
995 2258 1180 2309 ἑκάτερον
1204 2258 1253 2308 Q
