1956 3239
322 72 406 114 738
904 72 1330 113 APPENDIX.

377 199 446 237 49,
473 199 536 240 29.
561 186 655 242 αὐτῇ
679 187 709 226 ἐ.
733 187 764 226 ὁ.
790 189 825 226 θ.
848 188 1076 238 γαμεῖσθαι]
1103 186 1220 226 αὐτοῦ
1242 188 1262 226 ὁ
1286 189 1320 225 θ.
1347 186 1378 225 ε’.
1401 185 1617 237 γαμέεσθαι
1638 186 1684 226 Τ.

378 267 447 306 49,
470 267 538 307 30.
561 253 700 305 ἀπίτω]
727 254 955 293 ἀπόστελλε
977 253 1024 292 Τ.

380 334 449 374 5ο,
473 334 513 373 4.
535 320 682 375 ὀπίσω]
712 320 832 361 Conf.
857 319 971 360 Plut.
998 319 1107 359 Mor.
1131 335 1170 373 p.
1195 330 1301 374 1075
1325 321 1377 360 B.

378 402 446 443 50.
471 403 507 443 9.
533 388 639 429 Posi:
662 388 823 440 ἔχοντος
845 386 983 441 pergit.
1001 387 1048 426 Τ.
1091 389 1128 427 οἱ
1145 389 1186 427 δὲ
1208 387 1335 439 γάμον
1351 389 1528 437 τεύξουσι
1547 389 1601 438 (v.
1620 388 1732 440 277.)
1750 403 1757 426 :
1790 389 1850 427 ε’κ-

321 454 461 496 τατέον
476 455 520 495 τὸ
541 460 563 507 ἦ
584 455 739 508 (scribe
761 455 803 494 τὸ
823 459 844 495 ὗ
862 471 870 495 z
900 469 997 494 nam
1019 458 1184 508 spectat:
1206 454 1261 494 ad
1279 454 1530 506 δυναμένοιο)
1551 456 1613 494 διὰ
1629 454 1673 493 τὸ
1694 453 1849 505 μέτρον.

320 523 364 562 τὸ
387 524 429 562 δὲ
452 523 566 562 ἔεδνα
586 525 633 562 τὰ
655 524 838 570 διδόμενα
859 524 909 576 τῷ
933 523 1098 576 νυμφίῳ.
1140 523 1188 561 τὰ
1210 523 1251 561 δὲ
1271 522 1346 561 ὑπὸ
1369 525 1445 561 τῶν
1467 521 1646 573 πατέρων
1668 522 1851 572 διδόμενα

319 589 442 640 μήλια
472 591 597 643 (corr.
620 590 772 640 μείλια)
802 590 959 640 εἴρηται.
1006 590 1151 640 ε’ίρηται
1183 590 1224 628 δὲ
1257 589 1372 628 ἔεδνα
1402 590 1450 628 τὰ
1479 588 1549 638 τὴν
1584 588 1701 628 ἕδναν
1725 590 1850 641 (corr.

322 657 457 709 ἕδραν)
483 658 544 697 καὶ
564 657 777 709 περιμονὴν
801 658 927 707 (corr.
950 657 1199 708 παραμονὴν)
1224 657 1503 708 προξενίζοντα
1524 658 1568 711 τῇ
1591 658 1721 711 νύμφῃ
1738 673 1805 697 :—

378 739 447 778 50,
471 738 529 765 [Ι.
555 723 751 779 πατέρων]
775 725 964 776 πατρώων
986 724 1093 776 ΕΗΩ

378 805 446 845 50.
472 804 538 842 24.
562 791 762 846 EAEAEQ]
790 791 914 831 Adde
936 791 982 831 T.

377 869 446 912 51,
472 860 510 899 8.
532 857 1080 912 γενόμενον-ἀπεδήμησεν]
1107 857 1605 908 ἐσόμενον-ἐπεδήμησεν
1623 858 1670 898 Τ.

377 939 446 980 54,
471 938 509 967 2.
534 925 759 977 ἐκδιηγήτου
781 929 1042 978 corruptum.

378 1004 447 1047 54,
467 1006 530 1033 10.
555 994 598 1033 ἐν
616 991 764 1047 Ἰθάκῃ]
792 992 926 1042 ἰθάκην
949 992 996 1031 Τ.
1022 991 1148 1045 idque
1169 996 1269 1032 ante
1292 990 1372 1032 καθ’
1386 990 1576 1043 (Όμηρον.

377 1060 492 1114 οἰκεῖ]
516 1060 583 1101 Sic
604 1060 651 1100 T.

378 1138 447 1182 54,
470 1141 531 1167 11.
558 1127 675 1182 αὐτῷ]
699 1127 814 1167 αὐτὸν
836 1127 882 1176 Τ,
905 1126 1003 1167 licet
1025 1126 1282 1179 ἀναγκάζοντι
1303 1125 1474 1166 habeat.

377 1207 447 1249 54,
470 1208 530 1235 12.
555 1195 755 1248 Sequitur
775 1194 818 1234 in
840 1195 887 1234 T.
912 1195 1150 1246 τρυχόμενός
1171 1210 1243 1245 περ
1264 1193 1394 1246 (288.)
1414 1209 1422 1233 ε
1454 1193 1590 1245 καίπερ
1612 1195 1847 1234 καταπονού-

320 1279 452 1313 μενος.

377 1343 446 1382 54,
467 1331 530 1370 16.
554 1329 832 1382 προσανέχειν]
857 1329 1063 1382 ἐπανέχειν
1079 1328 1127 1368 Τ.

379 1409 448 1450 54,
471 1410 539 1451 30.
563 1396 688 1451 EQ]
715 1396 841 1436 Adde
862 1396 908 1435 T.

379 1477 447 1517 54,
471 1478 537 1518 31.
562 1462 982 1516 ἀφροσύνας-ὀχέειν
1003 1461 1068 1501 hie
1098 1475 1177 1502 om.
1201 1461 1264 1509 T„
1291 1461 1451 1514 reliqua
1479 1461 1536 1501 sic
1566 1460 1779 1509 exhibens,
1803 1463 1852 1501 τὰ

322 1530 420 1571 νέων
442 1535 604 1583 φρενεῖν
627 1531 688 1570 καὶ
709 1530 857 1582 λέγειν.
908 1528 930 1579 ἢ
953 1530 987 1569 ὀ.
1010 1528 1083 1568 ὑπὸ
1106 1530 1297 1579 νεότητος.
1344 1529 1406 1569 καὶ
1428 1531 1572 1571 ἄλλως.
1619 1529 1848 1580 ἀφροσύνας

322 1599 420 1639 -εἶ
438 1599 493 1639 ἔτι
515 1600 557 1639 δὲ
579 1598 741 1649 νηπιάας
763 1597 896 1650 ὀχέειν
911 1612 979 1637 :—

378 1679 447 1721 55,
473 1677 509 1719 7.
533 1667 601 1707 οὐκ
623 1666 745 1708 ἀΐειςε
781 1666 848 1705 οὐκ
873 1665 1035 1711 ἀκούεις,
1060 1663 1241 1719 αἰσθάνῃ.
1275 1664 1321 1703 T.

376 1746 446 1790 55,
471 1750 508 1789 9.
531 1734 766 1789 ἀφείλοντο]
790 1735 1009 1786 ἀφείλαντο
1031 1733 1078 1772 T.

378 1819 447 1859 55,
471 1819 535 1845 10.
561 1802 786 1858 νουθεσίας]
812 1804 1041 1854 συμβουλῆς
1061 1801 1108 1841 Τ.

377 1884 446 1925 55,
468 1874 646 1925 16—-29.
670 1871 800 1911 habet
821 1870 869 1910 T.

377 1952 446 1994 55,
470 1953 531 1993 19.
555 1939 686 1993 λέγει]
713 1938 889 1991 διαλέγει
910 1939 955 1979 Τ.

378 2017 448 2061 55,
474 2020 538 2048 20.
564 2006 755 2059 ἐπιλέγει]
785 2006 869 2046 ἐπεὶ
889 2005 1002 2057 λέγει
1024 2005 1072 2044 Τ.

376 2088 445 2127 55,
472 2087 536 2128 23.
562 2073 842 2126 ἐδυσχέρανεν]
870 2071 1151 2125 ἐδυσχέραινεν
1169 2071 1215 2110 Τ.

380 2152 446 2195 77,
467 2155 507 2195 3.
531 2141 650 2194 τρισὶ]
680 2140 747 2180 Sic
769 2140 899 2180 etiam
920 2140 966 2179 Τ.

379 2219 445 2261 77,
468 2222 508 2262 5.
531 2206 829 2259 λαμβάνοντας]
857 2206 993 2248 αὐτοὺς
1013 2204 1135 2245 addit
1156 2204 1202 2243 T.

379 2286 446 2327 77,
469 2277 508 2314 6.
530 2275 734 2327 ἔρχεσθαι]
762 2272 1005 2325 ἀπέρχεσθαι
1026 2272 1073 2311 Τ.
1137 2270 1256 2310 Idem
1281 2268 1549 2321 προφέρεσθαι
1575 2269 1718 2319 ταύτην
1745 2269 1846 2320 πρώ-

320 2359 390 2392 την
411 2343 553 2392 ταύτην
578 2340 670 2392 (sio)
694 2340 764 2390 τὴν
786 2338 950 2390 τροφήν.

379 2421 445 2461 77.
471 2417 508 2459 7.
530 2408 754 2458 μελίφρονα
777 2423 817 2445 π.
839 2423 877 2455 μ.
901 2419 981 2444 om.
1003 2405 1053 2444 T.

382 2474 605 2529 77‚12.In
626 2473 704 2527 V.]
734 2473 858 2513 Adde
881 2472 930 2512 T.

380 2553 446 2596 77,
468 2555 530 2596 13.
556 2541 758 2594 ἰαύερπον]
786 2541 909 2580 ἰαύειν
930 2540 1021 2591 δόρυ
1042 2539 1089 2578 Τ.

381 2621 447 2664 77,
474 2622 533 2659 14.
557 2609 651 2648 ὅταν
675 2610 729 2649 εἰς
750 2607 808 2661 τὸ]
832 2609 896 2647 ὅτε
918 2607 1001 2659 ἔχει
1021 2606 1066 2646 Τ.

382 2688 450 2731 77,
475 2677 536 2715 16.
561 2674 591 2715 θ’
612 2689 692 2714 om.
712 2674 760 2713 T.

383 2756 449 2798 77,
474 2757 538 2795 24.
561 2742 668 2795 τοὺς]
696 2741 831 2781 Immo
853 2746 946 2783 τοῖς.

380 2814 446 2859 80,
469 2825 503 2851 Ι.
527 2808 745 2862 ἐπέχραονῑ
779 2810 874 2848 κατὰ
895 2808 1060 2859 βλάβην
1082 2809 1143 2848 καὶ
1166 2806 1348 2859 ἐπήρειαν
1372 2807 1545 2856 ἐπῆλθον
1568 2805 1628 2845 καὶ
1651 2803 1843 2855 ἐπεβάρη-

325 2897 402 2921 σαν
418 2879 465 2918 T.
