1956 3239
293 86 377 129 778
873 90 1296 132 APPENDIX.

348 205 446 243 422,
467 206 536 248 30.
571 194 678 236 Post
709 195 858 247 ἕβλεπε
888 195 1021 237 literae
1047 208 1227 249 15—20.
1260 195 1498 236 obliteratae
1526 195 1569 235 in
1590 195 1638 236 T.
1660 194 1703 235 in
1734 194 1817 236 fine

289 274 331 313 p.
360 273 453 315 131.
496 262 604 303 Tum
624 278 664 317 p.
687 276 777 317 132.
802 263 948 318 incipit·
976 264 1019 304 οὐ
1052 264 1129 317 (vel
1152 266 1202 317 εἰ)
1228 264 1326 304 πάνυ
1358 265 1547 316 ἐφοβεῖτο
1572 264 1634 304 καὶ
1655 263 1817 304 συνέσει

292 358 466 370 ......
492 330 554 370 καὶ
577 333 611 371 εἷ
631 331 765 383 ἄγριος
785 336 866 372 etc.
891 332 938 372 T.

346 407 443 449 423,
461 410 502 448 4.
526 399 566 437 ’δὲ
588 412 669 438 om.
693 399 742 449 Q.

347 475 447 517 423,
467 476 506 518 5.
531 465 648 521 διότι]
673 466 731 506 διὸ
754 466 802 518 Q.

347 530 405 585 δὲ]
429 533 471 571 δὲ
493 532 554 572 καὶ
578 532 626 584 Q.

345 610 445 651 423,
465 612 526 651 19.
550 598 599 639 ἂν
621 600 750 651 ἐσώθη
773 600 1074 643 Buttmannus.
1106 603 1287 653 ἀνεσώθη
1310 602 1360 654 Q.

343 678 442 717 424,
467 666 504 705 8.
530 668 645 718 νᾶμα]
673 670 775 718 νᾶμα
797 671 900 718 νᾶμα
924 668 1016 722 (sio)
1039 669 1087 710 T.

343 745 442 784 424,
467 734 531 774 26.
565 734 731 786 ἄλογον]
760 736 894 777 ἄλλως
914 736 1134 790 praefixum
1154 737 1195 777 in
1219 737 1266 777 T.
1290 737 1332 777 in
1355 752 1437 792 quo
1457 737 1536 777 hoe
1559 736 1813 791 proximum-

286 814 367 854 que
388 800 572 841 scholion
593 800 757 842 inverso
779 802 923 843 ordine
944 803 1155 858 leguntur.

342 880 440 920 424,
461 869 527 909 28.
549 870 814 924 προληπτικῷ]
837 873 1114 925 προσληπτικῷ
1137 871 1184 911 T.

342 949 397 990 42
402 947 442 991 5,
462 950 484 976 2
487 951 527 991 5,
559 937 829 994 τετράτροχοι]
865 938 933 979 Sic
955 938 1084 980 etiam
1105 939 1301 993 Apollon.
1323 939 1365 979 in
1390 939 1544 979 Lexico
1566 952 1598 978 s.
1621 954 1658 979 v.
1681 938 1812 990 τετρά-

288 1009 434 1045 κυκλοι.

342 1075 440 1125 426,
463 1087 531 1128 30.
555 1073 678 1126 φάναι
702 1074 925 1115 Prellerus.
968 1080 1024 1127 φη
1046 1089 1139 1115 eum
1160 1075 1311 1116 lineola
1336 1074 1379 1127 (i.
1400 1089 1435 1115 e.
1460 1075 1580 1127 φησί)
1607 1073 1655 1114 Τ.

342 1150 441 1193 427,
460 1143 498 1182 6.
522 1141 781 1196 ἐπιστροφῆς]
807 1143 1026 1194 ἐπιστροφῆ
1050 1141 1147 1196 (sio)
1170 1143 1216 1182 T.

342 1219 440 1261 429,
464 1220 528 1249 12.
550 1208 673 1260 μέλος
695 1209 857 1250 correxi
879 1224 956 1263 pro
976 1209 1105 1261 μέρος.

340 1287 440 1326 429,
461 1287 530 1328 32.
551 1277 733 1330 τυρῶδες]
762 1279 934 1328 πυρῶδες
953 1276 1067 1330 apud
1090 1276 1347 1317 Cramerum.
1384 1275 1516 1316 Recte
1538 1278 1701 1327 τυρῶὃες
1721 1275 1810 1315 Eu-

285 1341 416 1382 stath.
437 1357 477 1396 p.
497 1344 617 1397 1630,
639 1357 708 1394 40.
771 1343 887 1383 Male
908 1357 1006 1383 vero
1027 1344 1140 1397 apud
1161 1343 1271 1384 hune
1293 1345 1434 1395 ὀρῶδες
1455 1357 1531 1396 pro
1553 1344 1732 1395 ὀρρῶδες.

341 1422 441 1463 430,
468 1423 526 1462 [4.
550 1410 853 1464 ἀπωλέσθημεν]
881 1410 949 1451 Sic
972 1411 1262 1462 ἀπωλέσθησαν
1283 1426 1323 1465 p.
1345 1423 1442 1465 551,
1462 1422 1528 1460 24.

341 1490 438 1531 4302
457 1490 525 1530 31-
549 1478 636 1530 ὅρα]
663 1479 733 1531 6ρᾷ
756 1478 805 1530 Q·

340 1557 438 1598 431,
455 1554 496 1597 5.
520 1545 702 1599 ἐχούσης]
726 1544 856 1599 ἔχουσ’
881 1546 932 1586 Ρ.

340 1623 436 1664 43],
457 1625 471 1651 1
486 1625 520 1652 1.
541 1612 785 1667 μετάληψις]
810 1613 928 1655 Conf.
953 1614 1146 1668 Apollon.
1171 1613 1272 1654 Lex,
1294 1628 1324 1654 s.
1344 1628 1380 1654 v.
1404 1616 1532 1668 θοῇσι.

341 1692 439 1733 431,
458 1689 522 1733 17.
545 1678 700 1734 Ἰλιάδι]
725 1680 806 1721 Est
827 1698 861 1732 η,
884 1692 975 1734 171.
1147 1695 1244 1736 433,
1266 1692 1306 1736 5·
1330 1680 1465 1736 αὐτοῦ]
1490 1681 1608 1721 αὐτὸν
1629 1680 1678 1721 Τ.

341 1746 552 1789 ἐπιθέσεως
575 1747 797 1788 Prellerus.
830 1749 1052 1791 ὑποθέσεως
1072 1749 1120 1789 T.

338 1826 436 1867 433,
461 1816 498 1854 6.
536 1815 966 1858 οἰκείως-ἀκολούθως
1001 1830 1053 1856 ex
1090 1815 1264 1856 Prelleri
1298 1815 1481 1856 editione
1513 1814 1694 1869 irrepsit.
1756 1814 1808 1854 In

282 1881 423 1921 codiee
444 1886 559 1922 reete
581 1887 645 1923 esf.
666 1885 1094 1925 οἰκεῖος-ἀκόλουθος.

338 1962 438 2003 433,
455 1960 492 2002 7.
517 1949 624 1991 Post
640 1950 909 2002 προκειμένοις
924 1950 966 1990 in
984 1950 1032 1991 T.
1049 1949 1205 2005 legitur
1218 1951 1268 1993 ὡς
1283 1952 1448 2003 προσῆν.

337 2029 437 2070 433,
463 2029 527 2068 24.
545 2016 703 2067 Ἴβυκος
724 2017 1023 2058 Buttmannus.
1064 2020 1184 2068 ἰ’βυως
1206 2018 1255 2069 Q.

338 2096 435 2137 433,
460 2085 526 2125 26.
552 2085 660 2126 εἰδὼς
681 2084 904 2125 Prellerus.
945 2085 990 2126 οὗ
1010 2087 1085 2137 γὰρ
1108 2087 1206 2124 κατὰ
1226 2084 1269 2125 τὸ
1291 2085 1437 2135 ἀληθὲς
1459 2085 1566 2127 εἰδὼς
1588 2084 1635 2125 Τ.

338 2163 436 2204 433,
457 2162 522 2204 27.
544 2152 693 2202 ὑπέστη
716 2152 940 2192 Prellerus.
985 2153 1137 2192 ἆποστᾶ
1159 2152 1207 2192 Τ.

337 2230 434 2270 434,
461 2231 525 2271 25.
548 2219 591 2258 τὸ
612 2220 759 2270 πλῆρές
780 2221 864 2259 ἐστι
889 2220 1086 2271 τρύπανον
1103 2218 1332 2271 (τρυπάνιον
1355 2218 1454 2271 Η.)]
1491 2218 1587 2258 Hoc
1619 2218 1805 2260 scholion

279 2282 322 2322 in
345 2283 402 2323 H.
425 2284 685 2338 adscriptum
706 2286 761 2325 ad
783 2287 975 2339 τρυπάνῳ.
1030 2285 1205 2339 Spectat
1227 2285 1407 2325 fortasse
1427 2285 1482 2325 ad
1503 2288 1631 2340 τρυπῷ
1655 2300 1689 2326 ν.
1703 2287 1804 2340 384.

279 2353 328 2389 ub
359 2349 417 2389 sie
448 2350 503 2390 sit
533 2350 848 2404 corrigendum:
883 2351 926 2391 τὸ
959 2351 1100 2402 πλῆρές
1136 2352 1220 2391 ἐστι
1255 2350 1427 2403 τρυπάοι.
1492 2351 1610 2391 Idem
1642 2353 1805 2404 τρυπάοι

279 2431 356 2470 pro
378 2418 501 2470 τρυπᾷ.
524 2417 831 2458 restituendum
852 2417 894 2457 in
915 2418 1071 2458 scholio
1092 2418 1357 2472 praeeedente
1378 2418 1532 2458 codicis
1554 2419 1602 2459 B.

336 2498 433 2539 434,
460 2495 525 2538 27.
559 2485 665 2525 Post
685 2485 812 2535 βάθος
832 2485 874 2525 in
899 2486 948 2526 T.
981 2486 1227 2527 vocabulum
1257 2486 1411 2540 legitur
1443 2486 1573 2527 simile
1603 2487 1802 2528 adverbio

280 2556 421 2594 καλῶς.

334 2620 432 2673 436,
456 2632 488 2659 1.
514 2623 589 2659 τῶν
611 2620 754 2672 ὄντων]
781 2620 850 2660 τὸν
871 2621 995 2661 ὄντων
1018 2620 1067 2672 Q.

335 2687 432 2739 436,
454 2699 518 2725 10.
550 2687 845 2739 βλαπτόμενος]
885 2687 1090 2739 εὐρήμενος
1120 2687 1233 2742 (sio),
1265 2690 1545 2739 βλαπτόμενος
1567 2688 1615 2728 Β.
1678 2688 1799 2740 Quod

278 2756 523 2807 corruptum
546 2767 596 2792 ex
617 2752 812 2793 lemmate
835 2754 1035 2804 ἀρημένος.

334 2822 432 2874 436,
455 2832 520 2860 12.
544 2821 627 2873 ἅτε]
656 2821 705 2862 ὡς
726 2820 792 2860 ἅτε
816 2820 873 2860 H.

335 2889 431 2941 436,
450 2889 514 2928 26.
539 2888 581 2928 τὸ
604 2889 644 2928 δὲ
668 2887 887 2928 Prellerus.
930 2890 974 2927 τό
995 2906 1035 2929 τε
1058 2889 1107 2930 Τ.
