1956 3239
297 77 378 118 7552
853 77 1275 118 APPENDIX.

356 199 447 244 153,
466 191 531 231 26.
555 189 812 245 ἀνίσχοντος]
839 191 1017 234 ἀνιόντος
1039 192 1086 232 Τ.

356 269 448 311 153,
470 268 535 310 27.
559 258 691 301 ἄλλως
712 258 932 312 praefixum
953 257 996 298 in
1019 258 1066 298 T.

351 325 603 377 παννυχίζειν
624 325 1004 380 εἴθιστο-θυσίαις]
1028 328 1309 379 παννυχίοισιν
1328 326 1645 380 ἥθιστο-θυσίᾳ
1666 326 1713 365 Τ.

354 403 448 447 153,
470 407 534 448 29.
558 394 752 450 συμβαίη]
778 398 979 446 συμβῆναι
1001 396 1061 444 T.‚
1086 395 1197 449 quod
1221 396 1352 450 συμβῇ
1376 409 1466 435 esse
1488 399 1643 449 potest.

358 470 496 515 154‚4.
510 462 708 502 Scholion
723 461 764 501 in
772 463 817 502 T.
829 462 871 502 in
885 462 1160 503 annobatione
1174 463 1228 503 ab
1242 477 1308 502 me
1318 466 1600 503 memoratum
1615 462 1657 502 in
1672 462 1827 503 codicis

291 527 448 583 pagina
469 530 536 583 36.
560 533 751 570 extrema
773 529 976 584 scriptum
999 530 1053 570 ab
1077 532 1183 570 ἀλλὰ
1205 532 1268 570 καὶ
1289 529 1493 583 incipiens
1515 530 1630 570 nullo
1651 530 1827 584 praefixo

291 595 489 637 lemmate
510 596 706 651 nulloque
736 597 937 645 defectus,
965 611 1089 652 quem
1122 597 1332 638 Prellerus
1363 597 1531 652 punctis
1562 597 1825 653 significavit,

292 662 458 704 indicio.
522 663 610 704 Nec
640 668 737 718 post
773 664 972 715 ζητήσειεν
1003 666 1053 705 ἄν
1085 681 1141 707 τις
1170 665 1253 706 ulla
1287 665 1476 705 defectus
1503 671 1607 707 nota
1634 671 1712 707 est.
1777 667 1827 706 In

292 730 564 784 sequentibus
596 731 743 772 scholii
775 731 911 772 verbis
941 731 1013 772 lin.
1037 732 1074 771 6.
1109 732 1230 782 αὐτὴν
1258 731 1321 787 π.]
1357 732 1452 782 αὐτὴ
1483 750 1522 773 π.
1557 734 1603 773 Τ.
1706 734 1731 774 l.
1760 746 1824 775 12.

293 799 526 840 ἀνετίθεσαν
561 800 785 841 Prellerus.
822 802 1005 841 ἐτίθεσαν
1037 801 1084 840 Τ.
1169 800 1195 840 l.
1224 814 1286 852 14.
1318 801 1387 840 οὖν
1419 805 1462 841 et
1492 801 1520 840 l.
1549 802 1610 842 18.
1645 804 1828 855 χθονίους

293 868 355 906 καὶ
391 868 628 921 typothetae
665 882 829 909 errores
865 882 942 922 pro
978 868 1045 910 οὓς
1080 872 1123 908 et
1159 869 1335 921 χθονίοις
1365 870 1433 910 τὰς
1542 868 1568 909 1.
1603 882 1669 911 22.
1710 870 1826 911 σπέν-

292 934 453 990 δεσκον]
485 935 720 978 σπένδοντες
741 936 788 976 T.
885 935 910 976 1.
931 948 997 989 23.
1031 937 1094 976 διὰ
1120 939 1234 975 τοῦτο
1257 936 1325 976 οὖν
1348 935 1569 977 Prellerus.
1607 941 1720 977 τοῦτο
1742 938 1824 985 οῧν,

292 1001 445 1042 omisso
469 1005 543 1052 διὰ,
567 1004 615 1044 Τ.

354 1083 446 1123 154,
466 1084 529 1111 12.
553 1071 638 1127 οὓς]
663 1073 732 1113 οὗν
755 1072 871 1124 ΗΜΘ

354 1149 446 1192 155,
475 1153 508 1179 1.
542 1139 614 1180 Ad
635 1155 670 1180 v.
694 1154 790 1194 344.
821 1138 982 1191 ἱέσθηνε
1015 1140 1253 1192 ὥρμωνε-
1271 1140 1319 1181 Τ.
1381 1153 1478 1195 345.
1510 1143 1824 1192 καθαπτόμενοςε

292 1208 662 1258 φιλοφρονούμενος
684 1210 747 1248 διὰ
768 1208 837 1258 τὴν
857 1208 954 1260 πρὸς
974 1208 1178 1249 Ὀδυσσέα
1199 1210 1340 1261 φιλίαν
1355 1224 1362 1249 :
1379 1233 1435 1238 —-
1452 1209 1498 1248 T.

354 1284 448 1327 155,
471 1288 511 1325 4.
534 1276 578 1315 τὸ
599 1275 934 1327 ὑμᾶς-πέφρακε
955 1290 1037 1316 0111.
1061 1276 1107 1316 T.

356 1353 446 1395 155,
469 1355 508 1394 5.
540 1344 730 1393 βούλεται
758 1344 800 1383 δὲ
833 1344 958 1383 εἰπεῖν
986 1342 1179 1393 ἀλεξήσαι
1209 1345 1229 1383 ὁ
1258 1344 1357 1385 Ζεύς
1381 1376 1388 1384 .
1411 1375 1418 1383 .
1441 1375 1448 1383 .
1472 1375 1479 1382 .
1513 1343 1695 1396 (lacuna)
1726 1345 1827 1395 ἡμᾶς

294 1408 356 1448 ἐπὶ
389 1410 484 1451 νεὼς
516 1410 751 1459 αὐλισθῆναι
768 1411 985 1452 ε-ἄλλως,
1019 1411 1063 1450 τὸ
1083 1412 1181 1461 ὑμᾶς
1210 1413 1456 1464 χωρισθῆναι
1487 1411 1530 1450 τὸ
1564 1410 1626 1451 ἀπ’
1652 1412 1746 1461 ἐμοῦ
1777 1412 1827 1453 ὡς

292 1480 480 1528 πενιχροῦ
502 1475 525 1526 ὴ
548 1476 815 1529 ἀπελευθέρου
834 1494 842 1518 :
864 1503 914 1509 —-
930 1479 978 1518 T.

357 1554 447 1597 155,
472 1557 534 1584 12.
559 1544 719 1600 ἐαθῆτε]
746 1547 900 1596 εἶαθῆτε
922 1545 971 1586 Β.

355 1613 446 1664 156,
469 1626 506 1661 4.
541 1612 612 1651 Ad
634 1627 670 1653 v.
694 1613 790 1667 361.
814 1614 1018 1665 θρασύνω;
1051 1613 1302 1666 παρορμήσω,
1327 1618 1486 1666 θαρρεῖν
1508 1613 1658 1665 ποιήσω
1675 1631 1682 1655 :
1699 1638 1755 1644 -—
1773 1613 1822 1655 T.

354 1680 447 1732 156,
465 1692 504 1729 4.
529 1681 626 1733 361.
651 1679 763 1735 ἀλλ’]
790 1680 962 1736 Corrige
984 1684 1080 1736 363.
1102 1680 1206 1722 ἀλλ’.

355 1748 446 1801 156,
469 1749 505 1786 8.
529 1746 705 1802 γεραιὸς]
728 1746 751 1798 ἢ
775 1749 1031 1801 ἐντιμότερος,
1052 1750 1309 1800 παλαιότερος
1329 1748 1448 1789 addit
1471 1749 1532 1797 T.‚
1550 1749 1712 1790 omittit
1729 1763 1825 1790 vero

294 1817 538 1866 κακῶς-γρ.

357 1883 446 1936 156,
484 1894 499 1920 1
514 1894 532 1920 2
548 1906 586 1911 ν-
604 1895 664 1936 15.
705 1883 835 1924 habet
871 1884 917 1924 T.
983 1883 1100 1924 Idem
1140 1884 1194 1924 ad
1235 1899 1272 1924 v.
1305 1887 1400 1938 365.
1444 1882 1662 1936 λεξαίμηνε
1696 1901 1825 1936 κοιμη-

294 1949 402 2000 θείην
417 1965 486 1989 ;-

356 2028 447 2070 157,
474 2030 534 2058 12.
560 2019 727 2068 θαύμαζε
757 2018 847 2071 (sic)
873 2018 902 2059 δ’
927 2020 1356 2070 ὁ--συνηκολούθησεν
1377 2020 1399 2069 ἡ
1421 2019 1572 2069 Ἀθηνᾶ
1592 2019 1728 2060 habet
1750 2020 1797 2059 T.

355 2084 447 2136 158,
472 2099 509 2136 9.
543 2085 667 2140 ἵληθι]
702 2086 815 2128 ἵλεως
844 2087 906 2126 καὶ
929 2086 1091 2136 εὐμενὴς
1113 2087 1184 2126 ἔσο
1206 2086 1283 2126 ἀπὸ
1305 2089 1373 2126 τοῦ
1394 2088 1502 2137 ἵλημι
1519 2088 1737 2127 ε--ὃίὸοθιε
1770 2087 1823 2126 δί-

294 2154 373 2198 δου,
397 2151 545 2205 πάρεχε
562 2154 740 2204 ε-ἣνινῑ
774 2157 877 2205 παρὰ
897 2154 940 2194 τὸ
965 2155 1066 2205 ἔνος,
1090 2154 1110 2194 ὃ
1133 2156 1313 2205 σημαίνει
1335 2156 1404 2195 τὸν
1426 2156 1607 2195 ἐνιαυτόν
1623 2171 1630 2195 :
1646 2179 1699 2185 --
1714 2155 1761 2195 Τ.

356 2228 446 2271 159,
473 2233 503 2259 ι.
538 2220 643 2260 Post
673 2221 751 2260 hoc
783 2221 968 2261 scholion
1000 2221 1042 2260 in
1075 2222 1121 2261 T.
1154 2221 1243 2261 haeo
1278 2226 1532 2275 sequuntur:
1568 2224 1645 2261 Διὰ
1671 2221 1708 2260 τί
1737 2223 1825 2265 τοὺς

294 2286 521 2337 ἀνθρώπους
553 2288 642 2338 πρὶν
673 2292 820 2339 φαγεῖν
848 2293 954 2328 ποιεῖ
978 2290 1047 2330 τὰς
1078 2292 1212 2341 χεῖρας
1240 2289 1507 2338 ἀπονίζεσθαι,
1529 2289 1618 2330 τοὺς
1644 2290 1686 2329 δὲ
1715 2289 1825 2331 θεοὺς

294 2353 492 2403 οὐδαμῶςς
528 2356 588 2393 διὰ
609 2355 647 2393 τί
666 2354 761 2404 πρὸς
793 2358 952 2394 δεῖπνον
981 2356 1055 2404 μὲν
1084 2356 1345 2404 ἀπονίζονται,
1372 2357 1470 2406 μετὰ
1499 2357 1539 2396 δὲ
1568 2356 1635 2396 τὸν
1663 2359 1825 2397 δεῖπνον

294 2419 491 2469 οὐδαμῶς3
536 2421 617 2460 θεοὶ
657 2422 731 2470 μὲν
772 2421 839 2460 οὐκ
881 2422 1143 2471 ἀπονίζονται·
1191 2423 1350 2475 καθαροὶ
1381 2425 1455 2473 μὲν
1490 2423 1576 2475 γάρ.
1624 2425 1722 2473 μετὰ
1757 2424 1824 2464 τὸν

294 2489 455 2526 δεῖπνον
484 2487 528 2526 οὐ
556 2492 662 2527 ποιεῖ
690 2488 916 2539 ἀνθρώπους
947 2490 1200 2538 ἀπονίζεσθαι
1232 2493 1297 2531 τὰς
1327 2495 1474 2543 χεῖρας,
1497 2491 1555 2530 ὅτι
1586 2490 1674 2530 οὐδὲ
1706 2492 1824 2543 ὄψοις

294 2553 482 2594 τοιούτοις
504 2555 685 2606 ἐχρῶντο,
711 2553 810 2594 ὥστε
842 2558 996 2596 δεῖσθαι
1025 2557 1265 2609 ἀπονίψεως,
1291 2558 1352 2598 καὶ
1380 2560 1439 2597 ὅτι
1470 2557 1724 2609 παυσαμένου
1755 2561 1823 2598 τοῦ

295 2619 453 2660 δείπνου
477 2621 682 2668 ἔσπενδον,
705 2624 803 2671 μετὰ
824 2624 866 2662 δὲ
888 2626 1061 2665 σπονδὰς
1082 2625 1126 2664 οὐ
1147 2625 1222 2678 χρὴ
1245 2625 1499 2674 ἀπονίζεσθαι
1515 2642 1522 2665 :
1541 2649 1596 2654 -—

356 2697 451 2742 159>
476 2690 512 2728 8-
536 2688 620 2743 γρ]
644 2689 773 2741 γράφε
796 2690 843 2741 Q-

356 2768 449 2810 159,
474 2769 534 2809 13.
557 2755 717 2811 χρῆται]
741 2760 879 2809 χρᾶται
903 2758 950 2798 Ε.

357 2835 448 2876 159,
472 2825 534 2864 16.
561 2822 601 2878 ὅ]
627 2823 722 2874 ὅπερ
745 2824 790 2863 Τ.
