1956 3239
315 93 398 135 772
863 96 1281 138 APPENDIX.

372 217 468 258 337,
487 217 525 246 2.
551 207 822 262 ἀπολαύωσιν]
848 209 1110 260 ἀπολάβωσιν
1130 211 1186 249 Τ.

371 281 468 326 337,
487 286 526 327 3.
550 274 612 314 καὶ
632 279 701 315 τοῦ
722 275 793 326 ἕλη
816 277 870 316 T.
919 277 981 316 καὶ
1003 277 1098 327 ἕλην
1119 275 1224 327 RQ.

371 349 470 392 337,
485 353 526 391 4.
548 343 825 396 πλεονασμὸν]
854 344 1092 397 πλεονασμῷ
1116 344 1170 383 Τ.

371 416 467 460 337,
488 419 524 460 7.
547 410 654 463 λείῳ,
672 408 695 459 ἢ
715 415 862 451 πλατεῖ
879 411 1008 451 habet
1024 410 1156 451 etiam
1172 409 1330 459 Maius,
1350 409 1422 450 sed
1440 408 1529 450 sine
1545 407 1651 463 sigla
1667 407 1837 448 codicis.

371 485 468 526 337,
489 487 550 529 ¹3·
574 476 706 527 ὅμφαξ
730 476 871 517 Maius
892 492 968 531 pro
990 478 1107 529 ὄφαξ.

371 550 468 594 337,
489 554 550 593 14.
572 543 914 598 μεταβάλλουσιν]
936 544 1264 594 μεταβάλλουσαι
1286 543 1336 595 Q.

371 617 468 660 337,
490 619 556 657 24.
579 610 812 660 τρυγόωσιν]
838 613 1031 662 τρυγῶσιν
1047 610 1103 649 Τ.

369 684 470 726 337,
490 676 554 714 26.
579 673 647 715 οὖν
668 689 749 716 om.
769 677 822 716 T.

371 738 558 794 τετάρτῳ]
587 743 650 781 διὰ
673 742 728 782 Τ.

369 817 466 860 337,
487 807 552 847 28.
576 809 673 860 φησὶ
695 823 775 849 om.
798 810 851 850 T.

369 875 466 928 338,
487 887 524 916 2.
549 878 601 930 τῷ
622 878 759 932 ποιητῇ
782 881 826 917 et
847 880 922 929 γὰρ
944 891 1023 918 om.
1045 879 1099 918 Τ.

368 943 466 996 338,
484 957 521 997 3.
545 945 758 999 περὶ-ὡς]
782 947 1008 997 παρὰ-καὶ
1031 947 1086 986 Τ.
1128 947 1177 988 ὡς
1198 959 1278 986 om.
1304 945 1356 987 Q.

367 1010 465 1063 338,
482 1024 522 1061 4.
546 1013 586 1051 αἲ,
607 1013 649 1052 δὲ
670 1017 885 1065 τρυγῶνται
907 1028 987 1053 om.
1013 1013 1060 1064 Q.

368 1077 465 1130 338,
485 1091 546 1118 10.
572 1077 629 1133 εὖ]
657 1082 755 1130 μετὰ
786 1080 855 1130 τὴν
885 1082 1149 1132 δενδροφόρον
1180 1083 1254 1132 γῆν
1287 1079 1474 1130 κοσμηταὶ
1507 1077 1549 1120 εὖ
1571 1079 1625 1119 Τ.
1674 1076 1717 1119 εὖ
1738 1082 1773 1118 δ.
1793 1095 1834 1119 π.

311 1158 392 1184 om.
416 1144 465 1184 B.

367 1214 658 1267 λαχανοφόροι]
681 1216 958 1267 λαχανηφόροι
981 1216 1034 1254 T.

367 1280 464 1332 338,
486 1290 546 1332 15.
570 1281 876 1331 ἐν-δαιμονίως
897 1296 977 1322 Om.
997 1283 1052 1322 T.

368 1346 463 1400 338,
484 1348 545 1386 16.
570 1349 694 1399 θείαν]
722 1350 823 1389 ἰδίαν
841 1350 896 1389 T.

367 1411 427 1452 'A.
453 1413 568 1467 Θεῶν]
592 1417 691 1454 θεῶν
713 1416 749 1455 ἀ.
774 1417 827 1455 Τ.

367 1480 464 1533 338,
485 1493 551 1521 21.
576 1481 873 1536 συνελογίζετο]
898 1484 1155 1534 συλλογίζετο
1180 1483 1284 1534 P.Q.

367 1547 465 1601 338,
485 1559 550 1598 24.
574 1549 597 1598 ἡ
619 1548 676 1602 δὲ]
698 1549 720 1599 ἡ
743 1547 812 1589 οὖν
836 1551 889 1589 Τ.

366 1627 462 1669 339,
482 1628 519 1667 9.
544 1615 668 1670 εἶδον]
695 1616 799 1656 εἶδον
820 1616 888 1656 τὸν
906 1618 961 1657 Τ.
985 1631 1079 1657 cum
1099 1617 1252 1657 lacuna
1273 1616 1316 1655 in
1336 1616 1419 1656 fine
1440 1616 1572 1657 lineae.

365 1695 462 1736 339,
482 1692 545 1734 17.
568 1682 818 1735 ἐπιτρέψειεν
841 1685 1001 1726 ἕκαστος
1021 1684 1091 1724 τὸν
1114 1685 1168 1723 Τ.
1217 1683 1423 1736 ἐπιτρέψαι
1444 1685 1513 1724 τὸν
1534 1683 1677 1725 ceteri.

365 1763 462 1803 339,
488 1750 545 1790 18.
563 1750 648 1800 ἤτοι
669 1764 750 1790 om.
770 1752 824 1790 T.

366 1830 462 1871 340,
483 1830 546 1858 10.
569 1819 589 1857 ὁ
612 1819 671 1871 δὲ]
701 1818 763 1857 καὶ
786 1819 840 1859 Τ.

366 1897 462 1938 340,
483 1897 545 1936 14.
568 1885 870 1939 προσυνίστησι]
892 1888 1233 1938 προσσυνίστησιν
1252 1887 1306 1926 Τ.

309 2022 408 2071 δρῶν
429 2019 499 2066 Ε.)
525 2020 782 2070 ἀγαπώμενον
797 2035 864 2059 :—
926 2020 975 2060 In
999 2021 1047 2072 Q.
1070 2021 1144 2061 ὑπὸ
1171 2023 1320 2073 ἀνδρῶν
1341 2020 1609 2073 ἠγαπημένον,
1636 2017 1658 2069 ἢ
1686 2019 1830 2070 φιλάν-

309 2088 478 2135 θρωπον,
498 2084 520 2135 ἢ
544 2085 611 2126 τὸν
633 2087 845 2138 ἀγαπῶντα
867 2088 936 2137 τὴν
959 2089 1154 2139 ἀνδρείαν,
1177 2092 1467 2140 προσηγορικῶς
1488 2087 1563 2128 ἀπὸ
1583 2090 1651 2126 τοῦ
1673 2087 1832 2138 ἀγαπᾶν

307 2152 395 2194 τοὺς
415 2152 569 2203 ἄνδρας,
591 2151 614 2202 ἦ
636 2153 712 2192 ἀπὸ
734 2156 800 2193 τοῦ
822 2155 1292 2206 ἀγαπᾶσθαι-ἀνδρείαν
1306 2171 1373 2194 :—

364 2231 460 2271 341,
480 2230 543 2272 15.
567 2219 609 2258 τὸ
631 2218 673 2259 δὲ
695 2234 774 2260 om.
798 2220 953 2272 B.Q.T.

364 2274 462 2338 341,
483 2286 548 2326 28.
577 2288 739 2336 Κλωθώ,
764 2288 934 2337 Κλωθοί,
957 2288 1110 2339 Σαπφώ
1132 2292 1174 2327 et
1196 2288 1361 2338 Σαπφοῖ
1378 2286 1669 2340 perispomena
1690 2286 1732 2326 in
1756 2286 1804 2326 B.

364 2364 463 2404 341,
480 2364 547 2405 31.
573 2351 732 2405 εἰδικόν]
763 2351 882 2392 ἰδικδν
903 2352 954 2392 Ε.
1597 2366 1599 2369 ⁴

364 2431 461 2471 343,
484 2430 545 2457 12.
569 2417 955 2472 οὐδὲν-ἀναίδειαν]
979 2419 1257 2471 ἀναιδέστερον
1274 2419 1389 2460 οὐδὲν
1407 2422 1472 2470 τῆς
1493 2418 1663 2472 γαστρὸς
1685 2421 1828 2460 ἐπανα-

305 2483 482 2535 βέβηκεν
505 2486 558 2526 εἰς
579 2485 779 2525 ἀναίδειαν
803 2485 910 2536 ΕΗΩ

364 2565 461 2606 343,
481 2564 546 2592 20.
571 2551 677 2592 Post
700 2551 798 2592 εἶναι
819 2551 861 2591 in
885 2552 931 2592 T.
979 2552 1070 2593 θεὸν
1091 2553 1173 2607 legi
1194 2553 1370 2594 videtur.

363 2631 459 2672 343,
481 2631 545 2660 21.
580 2618 640 2657 καὶ
721 2617 872 2672 μένειν]
909 2618 1027 2659 Inter
1049 2628 1124 2659 καῖ
1148 2623 1265 2672 (nam
1295 2619 1354 2660 sic
1385 2618 1536 2671 codex)
1561 2623 1603 2659 et
1623 2618 1757 2669 μένειν
1783 2618 1826 2658 in

307 2689 490 2739 quatuor
510 2685 575 2724 vel
597 2684 779 2739 quinque
800 2684 1021 2725 literarum
1042 2685 1206 2726 lacuna.

306 2787 310 2788 ι
364 2765 460 2806 344,
481 2764 546 2793 22.
569 2750 627 2805 δὲ]
650 2768 692 2791 τε
715 2753 770 2791 Τ.

365 2835 460 2876 344,
481 2834 545 2871 24.
570 2820 631 2861 καὶ
651 2824 750 2860 ante
773 2820 943 2870 κτήματα
963 2835 1044 2861 om.
1064 2822 1118 2860 T.

364 2900 461 2941 345,
482 2898 542 2939 17.
568 2900 630 2940 19.
654 2886 881 2941 φῇς-φῇς]
907 2886 1040 2927 Immo
1063 2887 1139 2943 φῄς
1161 2893 1204 2929 et
1225 2891 1314 2939 φῆς.
