1956 3239
324 107 408 152 766
884 112 1302 154 APPENDIX.

324 222 387 262 καὶ
415 222 459 262 τὸ
490 223 685 275 ἄγνυσθαι
716 211 742 265 g·
779 225 822 278 (i.
846 239 880 266 e.
911 226 1107 279 σημαίνει)
1137 226 1180 266 τὸ
1214 228 1385 266 κλᾶσθαι
1414 224 1545 277 βορέω
1576 223 1723 276 ὑπίωγε
1754 222 1850 277 (Sic)

326 291 423 330 ὅπου
445 291 610 343 ἄγνυται
630 291 676 332 Τ.

385 358 480 412 285,
506 371 571 410 24.
599 358 919 415 βορέου-νῆας]
943 360 1102 412 βορέου.
1144 361 1168 411 ἡ
1189 362 1254 410 τῆς
1276 363 1409 411 φωνῆς
1431 360 1582 402 κλάσις.
1631 360 1669 398 αἱ
1692 358 1855 410 ἐπιωγαὶ

326 427 590 477 κληθήσονται
611 428 723 468 τόποι
744 428 924 478 ἀλίμενοι
944 430 1030 479 μὲν,
1054 428 1261 480 δυνάμενοι
1283 431 1324 469 δὲ
1347 431 1409 469 διὰ
1429 428 1499 479 τὴν
1514 428 1589 468 ἀπὸ
1604 431 1681 468 τῶν
1702 426 1855 478 ἀνέμων

326 494 478 543 σκέπην
493 510 562 533 :—-
582 494 629 534 T.

385 563 480 615 285,
501 574 566 614 24.
589 562 767 615 ἐπιωγαὶ]
795 563 833 602 αἳ
857 563 1020 615 ἐπιωγαὶ
1043 563 1091 615 Q.

385 628 480 682 285,
499 641 566 682 31.
591 630 632 669 δὲ
654 643 733 668 0111.
759 629 919 680 P.Q.V.

385 696 479 744 286,
506 709 565 737 12.
588 709 650 750 13.
674 696 717 736 rb
737 697 1188 748 μετὰ-σημαινόμενον
1211 697 1262 737 Ρ.
1307 698 1401 751 ἠχεῖ
1423 697 1500 738 ἀπὸ
1527 695 1734 750 γινομένου
1755 695 1854 749 ἤχου

324 762 368 803 τὸ
400 764 688 814 σημαινόμενον
717 764 829 818 ῥοίζῳ
861 766 1082 816 φερόμενον
1115 765 1177 805 καὶ
1208 766 1416 817 ὁρμητικόν
1438 764 1542 805 Β.Ε.
1591 764 1668 805 ἀπὸ
1698 767 1766 804 τοῦ
1797 780 1855 816 γι-

326 830 492 881 νομένου
513 831 612 884 ἤχου
634 831 677 871 τὸ
701 849 739 872 σ.
763 830 786 882 ἢ
808 833 843 884 ῥ.
867 837 909 884 sp.
936 832 998 872 καὶ
1019 833 1053 872 ὁ.
1077 832 1129 872 V.

385 899 480 948 286,
502 912 564 940 12.
587 900 629 940 τὸ
651 917 690 951 μ.
714 917 753 941 π.
776 901 812 952 ῥ.
835 901 1074 954 φερόμενον]
1101 900 1209 941 Haee
1231 901 1359 942 verba
1380 905 1479 942 sunt
1500 900 1630 942 etiam
1651 899 1693 940 in
1714 899 1761 940 T.

385 968 483 1017 286,
504 979 569 1008 21.
594 969 651 1022 κε]
681 969 746 1008 καί
764 969 812 1008 Τ.

386 1035 483 1088 287,
509 1048 571 1086 14.
593 1036 679 1090 οὖν]
707 1039 805 1088 γοῦν
827 1035 875 1087 Q.

384 1102 479 1154 287,
502 1113 566 1156 15.
589 1104 750 1156 βόσκει]
776 1103 914 1155 τρέφει
936 1104 983 1144 Τ.

385 1170 483 1221 287,
504 1182 568 1219 24.
592 1171 656 1210 ἵνα
679 1170 864 1226 σημαίνῃ]
888 1171 974 1211 ἀντὶ
995 1174 1062 1210 τοῦ
1083 1170 1131 1211 Τ.

384 1238 481 1290 287,
503 1250 567 1290 27.
591 1239 907 1292 παλινορμήτως]
943 1238 986 1279 rb
1017 1240 1058 1279 δὲ
1087 1240 1370 1291 παλλιρρόθιον
1402 1240 1487 1280 ἀντὶ
1519 1243 1585 1280 τοῦ
1615 1240 1853 1293 παλινορμή-

325 1320 399 1346 τως
419 1304 466 1344 Τ.

382 1371 621 1429 ἀπήνεγκεν]
645 1375 690 1413 τὸ
714 1378 813 1425 κῦμα
834 1373 955 1415 addit
979 1375 1033 1414 T.
1056 1379 1100 1415 et
1120 1374 1456 1429 praecedentibus
1478 1374 1719 1429 repetitum.

386 1440 480 1492 289,
498 1449 537 1493 5.
560 1442 634 1490 μὲν
655 1455 735 1481 om.
755 1442 809 1481 T.

385 1508 479 1561 289,
499 1521 537 1560 9.
561 1509 1033 1564 οἰκεῖον-φθέγγεσθαι]
1050 1510 1116 1550 οὐκ
1134 1511 1217 1551 ἔστι
1238 1512 1313 1562 γὰρ
1327 1514 1403 1551 τῶν
1420 1510 1647 1563 νηχομένων
1663 1510 1707 1551 rb
1728 1509 1852 1563 φθέγ-

324 1578 466 1626 γεσθαι
487 1575 591 1627 BQ.

383 1655 477 1698 290,
502 1656 536 1682 1.
560 1643 703 1696 πλέον]
729 1648 871 1684 πλεῖον
889 1644 945 1684 Τ.

382 1723 476 1762 290,
496 1723 533 1752 2.
556 1711 776 1763 μαλάξεως]
804 1711 863 1752 καὶ
883 1712 1088 1762 μαλάξεως
1111 1712 1166 1752 Τ.

380 1790 476 1832 290,
498 1792 558 1833 15.
582 1779 727 1820 Verba
748 1779 817 1820 τὸν
840 1781 893 1822 εἰς
916 1780 995 1821 ἅλα
1015 1781 1235 1832 μυρόμενον
1255 1780 1386 1821 habet
1409 1781 1463 1821 T.

379 1846 602 1888 ἐπιθετικῶς
622 1846 692 1887 τὸν
715 1847 784 1901 εἰς]
810 1848 1033 1890 ἐπιθετικῶς
1056 1849 1110 1890 εἷς
1131 1847 1180 1899 Q.

379 1925 474 1967 290,
496 1914 557 1953 16.
579 1913 798 1968 τουτέστιν]
820 1913 996 1955 τουτέστι
1019 1914 1086 1966 Q.,
1109 1914 1262 1955 omisso
1285 1916 1339 1958 εἷς
1360 1915 1583 1956 θάλασσαν.

381 1992 476 2035 290,
498 1994 561 2022 21.
585 1983 623 2022 τί
641 1981 778 2036 πλέον]
802 1984 823 2022 ὅ
844 2000 880 2023 τι
900 1982 1025 2023 πλέον
1047 1983 1098 2024 Β.

381 2059 475 2100 290,
497 2060 562 2102 23.
587 2050 918 2104 ὃυσφρόντιστον]
942 2052 1205 2102 δυσφρόντιδα
1226 2050 1335 2091 dixit
1356 2050 1558 2091 Eustath.
1580 2066 1620 2105 p.
1639 2052 1759 2105 1546,
1779 2065 1847 2103 41.

378 2127 473 2169 290,
494 2128 558 2168 24.
584 2116 726 2170 ἄπορα]
750 2118 892 2169 ἀπορεῖ
909 2117 1012 2169 B.Q.

378 2194 472 2234 291,
494 2195 556 2236 23,
581 2184 914 2238 περιφαινομένῳ]
937 2184 1232 2238 περιφερομένῳ
1251 2185 1305 2224 Τ.

380 2260 476 2302 292,
498 2262 533 2291 2.
559 2251 684 2301 φυλία
705 2265 786 2290 0111.
810 2250 970 2301 B.P.Q.

380 2326 477 2367 292,
493 2327 533 2368 5.
557 2314 762 2369 ῬΙσίοδος]
797 2316 847 2355 In
879 2315 1062 2356 carmine
1093 2315 1283 2370 perdito:
1317 2330 1416 2356 nam
1448 2315 1526 2370 Op.
1544 2331 1580 2357 v.
1604 2328 1702 2370 514.
1729 2317 1847 2358 dissi-

319 2380 456 2421 milior
477 2386 541 2422 0813
562 2397 688 2435 quam
709 2386 758 2422 ut
778 2382 858 2421 hue
880 2381 1025 2422 referri
1047 2397 1169 2436 posse
1190 2382 1395 2424 videatur.

380 2460 473 2502 292,
494 2450 557 2489 18.
579 2450 602 2499 ἡ
624 2450 704 2500 ὥρα
725 2453 768 2489 et
789 2449 873 2499 ἤτοι
895 2463 977 2490 om.
997 2451 1050 2489 T.

378 2527 473 2570 292,
495 2528 561 2565 24.
587 2515 672 2570 ἔχῃ]
696 2515 832 2555 Immo
854 2516 949 2569 ἔχει.

376 2594 472 2637 292,
492 2584 555 2623 26.
580 2582 664 2622 ἔστι
685 2584 727 2622 δὲ
748 2584 768 2622 ὁ
791 2584 931 2634 τρόπος
950 2584 1155 2636 μεταφορά
1175 2584 1371 2626 omittere
1392 2584 1558 2626 videtur
1579 2585 1637 2626 H.

377 2649 744 2703 ἀντεμηχανήσατο]
778 2650 1052 2703 ἐμηχανήσατο
1079 2652 1133 2692 Τ.
1166 2653 1240 2693 sed
1282 2657 1379 2707 post
1421 2667 1596 2707 parvam
1637 2653 1842 2694 lacunam.

322 2716 440 2756 Idem
462 2730 560 2757 mox
582 2718 624 2756 ἐν
645 2717 701 2758 οἷς
723 2731 802 2756 om.
826 2717 867 2756 in
888 2717 1051 2759 lacuna.

378 2796 472 2838 292,
494 2797 557 2837 27.
581 2783 695 2837 φησι]
719 2783 792 2835 ἔφη
815 2783 906 2823 Β.Ε
926 2784 975 2836 Q.

380 2864 476 2905 293,
494 2865 530 2892 Ι.
554 2853 745 2892 κλοπαίαν
767 2865 847 2891 om.
867 2853 921 2891 T.

378 2931 472 2973 293,
492 2929 529 2972 7.
552 2918 619 2959 τὸν
640 2918 830 2972 ποταμὸν]
858 2919 926 2958 τὸν
947 2933 1025 2959 om.
1046 2919 1151 2971 EUQ
