1956 3239
287 111 373 154 718

861 111 1172 152 ΟΔΎΣΣΕΙΑΣ
1209 111 1258 149 Ψ.

285 209 444 274 γότερον
468 209 584 257 αὐτὸν
608 210 848 257 κατεσκόπει
880 217 963 263 τοῖς
994 211 1235 270 ὅφθαλμοῖς.
1284 207 1370 263 ἕψει
1405 206 1480 263 οἶν,
1504 214 1588 259 τοῖς
1624 205 1818 269 ὄμμασιν.

289 290 415 334 H.Q.

355 377 424 422 95.
449 362 706 425 ἀγνώσασκε]
738 363 881 426 ἦγνοέι.
914 368 967 408 V.

355 454 423 499 97.
449 440 669 503 δύσμητερ]
702 439 765 487 ε’πῖ
788 445 895 504 κακῷ
917 441 1050 503 μήτηρ
1074 439 1284 501 λεγομένη.
1320 442 1373 483 V.

355 535 423 575 99.
447 516 633 579 ἀνείρεαι]
672 517 724 563 τὰ
747 515 834 580 περὶ
859 522 926 562 τοῦ
951 515 1103 579 ἐ’ρωτος.
1151 516 1436 578 ἀλλοτριοῧσαι
1465 520 1516 577 τῇ
1540 514 1725 568 διαθέσει,
1751 510 1820 558 καὶ
1833 528 1853 566 5

468 592 479 609 Ι
627 590 636 606 Ὶ
701 592 710 606 2
745 590 756 605 ἱ
835 591 844 606 5
909 591 918 607 9
970 590 981 605 l
1118 591 1127 606 5
1156 592 1169 607 x
1369 596 1386 605 m

287 595 522 651 καθεζομενη
546 613 626 654 παρ
661 612 778 637 αυτον
803 612 872 637 ουκ
894 612 1060 654 ανειρεαι
1087 591 1172 637 ουδε
1194 600 1422 652 μεταλλᾳς.
1462 594 1518 636 H.

359 673 452 713 108.
480 668 674 725 ἱκάνεται]
705 665 792 713 ἀντὶ
815 672 883 713 τοῦ
907 668 1043 713 ἱκάνει.

1081 671 1138 712 Η.

359 761 453 800 114.
479 745 673 805 πειράζειν
698 743 848 804 ἐμέθεν]
879 742 1095 807 οἷπὸπειράν
1117 764 1195 805 μου
1219 745 1461 804 λαμβάνειν.
1495 747 1550 788 H.

359 838 453 880 119.
490 819 664 879 ὂπῖσσω]
706 826 894 883 χρονικῶς
922 818 1009 865 ἀντὶ
1040 826 1108 866 τοῦ
1142 821 1251 881 μετὰ
1280 824 1422 874 ταῦτα,
1456 819 1564 880 μετὰ
1597 817 1661 865 τον
1692 817 1818 879 φόνον.

289 902 412 945 H.Q.
481 898 591 959 μετὰ
614 896 678 944 τον
702 904 775 955 τῆς
798 895 999 950 ἀπωλείας
1021 896 1168 961 χρόνον.
1204 902 1260 943 V.

359 993 452 1023 120.
477 975 618 1034 πηούς]
649 974 740 1027 τοὺς
763 974 947 1039 πόρρωθεν
973 981 1194 1037 συγγενεῖς.
1231 979 1286 1019 V.

360 1070 454 1111 143.
482 1051 683 1109 ὅπλισθεν]
715 1054 1035 1113 ἡτοιμάσθησαν.

1075 1056 1132 1098 Q.

359 1147 454 1188 149.
487 1129 788 1189 πολυμνήστην]
833 1129 902 1186 την
933 1130 1124 1189 μάλιστα
1153 1128 1348 1188 μνήστην,
1379 1126 1517 1190 κυρίως
1550 1125 1613 1172 ε’πῖ
1642 1125 1820 1183 Πηνελό-

288 1227 379 1262 πης.
416 1210 471 1250 V.

359 1296 453 1341 150.
479 1286 547 1327 τοῦ
573 1281 616 1327 ἐκ
639 1281 793 1344 κορείας
816 1281 919 1345 αὐτῇ
945 1280 1262 1342 συνεζευγμένου.
1302 1284 1357 1325 H.

360 1376 454 1418 151.
475 1357 669 1420 εἴρυσθαι]
701 1364 914 1420 κρατῆσαι.
951 1362 1006 1402 V.

359 1449 454 1494 155.
480 1434 811 1497 ἀνεστραμμένως
836 1440 948 1480 τοῦτο
974 1432 1141 1496 εἴρηται.
1180 1437 1236 1479 Η.

358 1516 453 1556 161.
476 1511 617 1572 τέχνην
640 1510 842 1568 παντοίην]
872 1510 1140 1573 χρυσοχοϊκὴν
1167 1507 1357 1566 δηλονότι·
1389 1507 1430 1554 οὗ
1453 1507 1532 1570 γαρ
1556 1508 1698 1570 τέχνην
1720 1530 1818 1554 παν-

288 1586 407 1644 τοίην.
445 1592 500 1634 Q.

344 1763 376 1787 1.
398 1756 462 1793 τοῖς
481 1751 678 1800 ὀφθαλμοῖς]
703 1755 766 1791 τοῖς
785 1762 860 1786 om.
881 1750 930 1794 Q.

341 1815 380 1850 3.
401 1804 615 1851 ἀγνώσασκε]
650 1804 712 1840 Sic
738 1804 796 1839 ed.
818 1809 895 1839 ant.
918 1805 1024 1852 cujus

287 1858 456 1906 quamvis
482 1858 520 1893 in
543 1857 678 1893 talibus
707 1857 809 1892 nulla
829 1857 877 1893 sit
897 1863 1023 1893 aucto-

285 1912 388 1955 ritas,
410 1916 495 1946 utar
515 1916 641 1946 tamen
664 1911 735 1946 hac
761 1911 957 1946 occasione
983 1916 1023 1946 ut

285 1964 387 2011 hanc¹
399 1964 559 2000 formam
575 1964 765 2011 aliquanto
781 1964 902 2011 magis
919 1976 1021 1999 eom-

286 2018 463 2053 mendem
508 2030 619 2065 quam
660 2017 730 2053 feci
777 2017 812 2052 in
855 2017 1022 2053 Gramm.

287 2071 400 2118 ampl.
439 2071 477 2105 in
514 2076 605 2106 nota
641 2070 773 2105 ultima
808 2071 855 2105 ad
893 2073 924 2115 ξ.
956 2082 1021 2118 94.

288 2124 436 2170 Quippe
457 2136 476 2159 e
502 2124 611 2159 codd.
635 2123 793 2159 Homeri
821 2124 935 2159 hodie
964 2124 1022 2159 hae

286 2176 524 2223 potissimum
569 2177 760 2223 scripturae
799 2180 1023 2222 ἀγνῶσιν-ασκε-

288 2234 326 2264 et
363 2231 577 2276 ἀγνώσσεσκε
623 2229 683 2264 hic
721 2234 882 2265 enotatae
921 2235 1021 2270 sunt,

288 2294 445 2329 quarum
470 2287 627 2329 utraque
654 2287 753 2318 esset
782 2282 828 2317 ab
848 2284 1022 2328 ἀγνώσσω,

289 2347 370 2382 quae
404 2335 508 2370 verbi
541 2335 663 2370 forma
696 2347 816 2382 neque
850 2335 1024 2382 analogia

288 2393 391 2423 caret
412 2400 532 2435 neque
556 2388 803 2429 auctoritate;
835 2388 918 2423 vide
944 2388 1021 2424 He-

289 2441 393 2489 sych.
424 2440 460 2475 in
486 2454 522 2476 v,
554 2441 680 2488 Etym.
714 2441 769 2476 M.
802 2454 834 2475 v.
862 2444 1022 2486 ἀγρώσσω

288 2500 326 2530 et
365 2493 561 2529 Simmiam
599 2506 658 2541 ap.
694 2493 824 2529 Tzetz.
858 2494 954 2529 Chil.
985 2504 1019 2541 7,

293 2558 380 2593 144.
430 2547 554 2594 Hujus
575 2553 700 2582 autem
720 2548 823 2583 verbi
843 2546 963 2583 forma
984 2547 1021 2583 in

287 2616 364 2635 εσκε
403 2606 459 2635 est
493 2600 752 2647 imperfectum
790 2601 1017 2643 iterarivum‚

288 2653 405 2688 altera
422 2653 460 2688 in
480 2668 577 2693 ασκε,
602 2658 643 2689 ut
669 2666 714 2688 ex
745 2654 917 2701 analogia
936 2667 1018 2690 ver-

288 2706 422 2742 borum
451 2705 622 2753 ῥίπτασκε,
647 2709 833 2753 κρύπτασκε
863 2707 1018 2743 demon-

287 2759 415 2800 stravi,
464 2759 623 2794 acu-istus
673 2759 875 2795 iterativus.
932 2761 1018 2796 Jam

287 2814 502 2858 ἀγνώσσεσ-κε
526 2817 623 2848 esset
649 2813 808 2860 repetita
833 2813 930 2848 actio
951 2814 1019 2849 du-

286 2877 373 2900 rans
394 2870 435 2901 ut
456 2867 679 2910 θαυμάζεσκον
695 2865 838 2907 ἅπαντες
856 2867 1019 2913 (quoties

286 2918 456 2954 viderent
489 2917 796 2964 admirabantur),
831 2918 907 2955 ἔνθα
946 2922 1018 2964 Ζηνὶ

1078 1750 1224 1799 ῥέζεσκον
1242 1752 1384 1796 Ἀχαιοί,
1407 1756 1445 1786 et
1471 1750 1627 1786 similia:
1659 1750 1720 1787 hic
1749 1764 1815 1788 au-

1078 1809 1156 1839 tem
1185 1803 1284 1839 intra
1308 1803 1422 1839 breve
1448 1804 1610 1850 spatium
1630 1804 1816 1852 Penelope

1080 1857 1215 1904 saepius
1252 1857 1419 1892 intuetur
1455 1857 1646 1904 Ulyssem,
1680 1858 1816 1905 saepius

1080 1923 1162 1946 esse
1181 1911 1285 1946 illum
1305 1915 1432 1958 negat.
1482 1911 1608 1954 Quare
1629 1910 1725 1947 sicut
1745 1914 1814 1947 ἐσί-

1079 1966 1186 2005 δεσκε,
1207 1964 1259 2000 ita
1280 1964 1439 1999 alterum
1459 1964 1571 1999 etiam
1591 1964 1748 2000 verbum
1768 1965 1814 2000 ab

1079 2017 1219 2053 aoristo
1275 2017 1457 2053 formasse
1514 2017 1701 2065 putandus
1759 2024 1816 2053 est

1077 2076 1201 2117 poeta.
1259 2071 1376 2106 Recte
1418 2070 1534 2118 igitur
1580 2070 1815 2106 adhaeremus

1077 2124 1131 2158 illi
1156 2136 1202 2159 ex
1229 2124 1453 2171 antiquitate
1479 2125 1708 2159 transmissae
1737 2124 1814 2159 for-

1078 2189 1148 2211 mae
1170 2177 1205 2212 in
1227 2193 1322 2212 ασκε.
1372 2176 1448 2212 Sed
1469 2176 1498 2211 si
1518 2176 1697 2212 aoristum
1719 2189 1813 2224 prae-

1079 2230 1176 2271 tulit,
1222 2242 1298 2264 non
1345 2234 1500 2276 apparet
1542 2242 1608 2265 cur
1653 2230 1813 2266 formam

1078 2283 1182 2318 verbi
1216 2283 1305 2318 alias
1344 2294 1491 2329 semper
1529 2282 1599 2318 sibi
1637 2283 1813 2319 usitatam

1078 2338 1214 2381 ἀγνοεῖν,
1246 2336 1345 2371 unde
1382 2341 1484 2371 recte
1516 2335 1627 2371 fiebat
1656 2336 1811 2383 ἠγνόησα,

1078 2389 1316 2435 ἀγνοήσασκον,
1356 2392 1582 2435 ἀγνώσασκον,
1622 2389 1694 2425 hoc
1736 2402 1812 2425 Uno

1077 2441 1161 2477 loco
1187 2441 1405 2478 deseruerit.
1457 2441 1592 2489 Itaque
1621 2443 1731 2479 hodie
1755 2448 1812 2479 et-

1077 2494 1149 2530 iam
1175 2507 1256 2536 nos,
1279 2508 1437 2543 quorum
1463 2495 1604 2542 judicio
1630 2496 1733 2543 optio
1754 2496 1809 2531 in-

1077 2553 1135 2584 ter
1160 2564 1183 2583 σ
1212 2554 1249 2584 et
1275 2565 1322 2584 σσ
1344 2549 1383 2584 in
1409 2548 1546 2584 talibus
1573 2561 1720 2596 semper
1751 2562 1808 2585 re-

1074 2601 1163 2637 licta
1182 2607 1251 2643 est,
1272 2615 1348 2638 non
1370 2607 1427 2638 est
1448 2613 1513 2637 cur
1531 2601 1690 2637 formam
1715 2602 1809 2650 legi-

1076 2654 1206 2690 timam
1236 2657 1448 2702 ἀγνώσασκε,
1476 2654 1534 2690 vel
1561 2655 1591 2689 si
1623 2655 1735 2690 nullis
1765 2656 1808 2690 li-

1075 2708 1150 2743 bris
1174 2709 1324 2751 nitatur,
1345 2708 1596 2755 repudiemus,
1618 2708 1728 2743 aliam
1752 2709 1808 2743 in-

1076 2761 1365 2797 solentissimam
1386 2761 1638 2807 praeferamus.
1660 2761 1807 2796 BUTT.

1075 2818 1264 2861 ἀγνῶσεσκε
1286 2814 1342 2850 M.
1358 2814 1396 2849 in
1415 2819 1532 2849 textu.

1130 2879 1166 2914 9.
1188 2870 1276 2913 μετὰ
1297 2868 1350 2902 τὸν
1369 2866 1458 2915 φόνον
1479 2879 1554 2901 om.
1576 2866 1623 2910 Q.

1134 2933 1146 2955 1
1159 2932 1193 2967 5.
1214 2923 1332 2969 κορείας
1352 2920 1553 2956 Cramerus
1573 2932 1640 2967 pro
1661 2924 1774 2967 κοριᾶς.

1837 916 1882 939 10

1836 1296 1880 1335 ¹5
